5192 6636
2056 639 2102 716 11

211 931 216 940 .
317 835 407 904 solet.
449 835 522 904 Jum
543 855 615 903 vero
638 839 671 902 et
691 833 820 904 interior
839 843 1002 904 mntextus
1023 837 1105 904 idern
1126 841 1176 904 est
1195 855 1252 920 per
1271 837 1390 922 omnia,
1424 837 1526 923 praeit
1550 841 1631 908 cuim
1663 841 1696 908 in
1723 842 1823 925 primo
1849 847 1986 915 oannine
2005 851 2103 918 intro·

240 1001 244 1010 .
317 946 421 1014 ductio
441 945 625 1014 universalis
643 965 672 1012 v.
689 951 779 1028 1-8,
799 965 893 1030 quam
915 947 1056 1032 sequitur
1076 951 1228 1017 transitus
1250 951 1292 1016 ad
1311 969 1377 1018 rem
1397 952 1498 1034 ipsam
1520 958 1629 1035 utpote
1648 953 1737 1020 libris
1761 955 1911 1022 traditam
1933 959 2102 1043 audituque

314 1056 388 1123 inde
405 1061 565 1137 acceptum
586 1055 637 1137 (ve
658 1055 803 1142 hirdon
827 1110 834 1124 .
855 1107 863 1123 .
884 1058 1027 1141 secgan),
1063 1057 1095 1126 iu
1116 1060 1247 1126 introitu
1267 1065 1372 1126 autem
1392 1062 1519 1127 emundi
1538 1067 1572 1128 et
1591 1063 1677 1128 tertii
1698 1065 1845 1131 carminis
1870 1072 1963 1148 poeta
1986 1068 2102 1137 diserte

315 1165 543 1250 pronuntiavit,
565 1185 599 1232 se
618 1169 725 1251 priora
746 1169 900 1252 quaedam
921 1169 1115 1251 condonare,
1138 1187 1207 1234 cum
1225 1173 1367 1237 uteretur
1386 1171 1541 1253 particula
1561 1189 1634 1253 gen
1656 1173 1787 1257 (adhuc,
1808 1178 1915 1260 porro)
1936 1178 1989 1245 ubi
2010 1179 2101 1247 dicit:

314 1275 369 1342 Nu
396 1275 430 1342 ic
459 1275 551 1342 litte
579 1295 651 1358 gen
679 1279 761 1364 ymb
790 1279 891 1346 lisca
919 1297 1015 1362 cynn
1046 1277 1140 1346 ville
1164 1275 1367 1346 vbbcraite
1393 1281 1548 1347 vordum
1576 1278 1696 1364 cidon
1726 1284 1800 1351 God.
1828 1285 1885 1352 Iix.
1910 1291 1987 1370 360,
2020 1293 2039 1355 5
2067 1297 2101 1358 et

312 1391 407 1472 tertio
428 1389 512 1458 loco:
532 1383 658 1477 Hirde
678 1391 711 1458 ic
732 1409 868 1473 secgarr
889 1407 959 1473 geu
979 1390 1018 1457 bi
1040 1408 1178 1456 sumum
1198 1389 1310 1472 iugle.
1353 1392 1500 1474 Sequitur
1520 1394 1617 1476 igitur
1637 1401 1673 1461 ut
1694 1396 1747 1479 qui
1767 1396 1806 1462 de
1830 1415 1888 1463 ave
1909 1400 1990 1466 mira
2013 1401 2100 1486 dixit,

310 1502 393 1570 idem
415 1504 510 1568 etiam
531 1521 570 1568 ex
590 1502 725 1585 piscibus
745 1500 925 1583 balaenam,
947 1517 985 1565 ex
1004 1497 1256 1582 quadrupedibus
1276 1499 1462 1581 pantheram
1481 1503 1665 1569 cantaverit.

393 1611 485 1680 Hunc
506 1631 579 1679 vero
600 1617 725 1695 poetam
745 1611 878 1677 eundem
905 1609 1000 1676 fuisse
1022 1626 1091 1674 cum
1113 1611 1240 1674 auctore
1261 1608 1440 1693 Phoenicis,
1468 1610 1630 1693 Guthlaci,
1658 1611 1820 1694 Julianus,
1847 1613 1920 1680 inde
1938 1615 2100 1697 probabile

310 1728 376 1806 est,
412 1724 544 1805 primum
567 1721 650 1803 quod
671 1721 718 1786 illi
747 1720 877 1786 carmini
903 1724 1044 1785 nostnrm
1065 1717 1165 1783 simile
1185 1721 1235 1783 est
1263 1717 1428 1802 allegoria,
1458 1738 1622 1803 rerumque
1644 1721 1834 1787 naturalium
1852 1724 2044 1805 expositione
2065 1731 2100 1792 et
2150 1797 2152 1806 ,

310 1832 509 1914 traemtione,
532 1831 580 1897 his
603 1830 827 1914 posterioribus
849 1834 953 1895 autern
984 1826 1156 1894 intentione
1185 1832 1218 1892 et
1245 1827 1381 1894 consilio.
1425 1829 1503 1896 Corn
1531 1830 1613 1894 enim
1638 1831 1811 1912 pantherae
1836 1837 1902 1899 tres
1933 1833 1999 1902 dies
2025 1841 2099 1919 post

308 1947 434 2023 pastum
455 1947 591 2008 sumtum
612 1940 802 2022 dormientis,
824 1943 898 2006 tunc
919 1956 1025 2004 rocem
1046 1943 1170 2020 gratam
1189 1955 1377 2022 suavemque
1396 1941 1521 2006 odorem
1542 1941 1664 2008 edentis
1687 1941 1874 2024 significatio
1894 1945 1937 2011 sit
1954 1946 2097 2015 Christus

307 2067 325 2116 e
347 2051 479 2116 mortuis
499 2054 572 2134 post
591 2055 657 2116 tres
677 2049 743 2117 dies
762 2067 922 2130 reversus,
943 2045 1187 2128 sacrificiumque
1207 2047 1280 2112 honi
1301 2047 1405 2113 odoris
1427 2049 1519 2131 (Epir
1539 2049 1576 2115 V.
1599 2051 1631 2134 2)
1653 2058 1686 2117 et
1706 2053 1807 2118 multa
1826 2053 1907 2120 dona
1928 2055 1981 2138 (ib.
2002 2059 2043 2140 Π,
2063 2061 2097 2142 8)

308 2157 457 2241 largitus,
487 2158 637 2226 balaenae
657 2177 732 2226 vero
750 2163 866 2226 natura
888 2158 998 2238 fallax,
1034 2175 1096 2238 qua
1118 2175 1195 2239 prae
1221 2158 1435 2240 magnitudine
1456 2166 1489 2225 et
1513 2162 1617 2242 quiete
1632 2161 1735 2228 insula
1756 2163 1900 2230 videatur
1921 2170 2096 2250 nautasque

310 2285 453 2349 egressos
476 2268 671 2350 submergat,
707 2273 740 2334 et
761 2287 822 2351 qua
843 2273 953 2350 aperto
973 2267 1055 2333 rictu
1076 2266 1200 2332 odorem
1222 2267 1342 2334 dulcem
1363 2268 1486 2335 exhalet
1505 2269 1547 2334 ad
1566 2270 1667 2351 pisces
1688 2271 1879 2355 ¹alliciendos,
1913 2273 2027 2340 diaboli
2048 2295 2097 2343 se·

307 2377 445 2444 ductoris
466 2377 606 2444 fallacias
627 2381 857 2461 repraesentet,
892 2381 1025 2460 apparet
1045 2383 1170 2460 poetam
1189 2377 1222 2442 id
1243 2384 1401 2460 sperma,
1438 2384 1474 2445 ut
1496 2379 1537 2444 ab
1555 2379 1706 2446 illecebris
1725 2382 1831 2448 mundi
1851 2382 2003 2465 malisque
2024 2402 2095 2451 sua-

305 2487 443 2554 sionibus
464 2489 583 2554 animos
603 2493 729 2555 avertat
756 2493 790 2554 et
810 2488 851 2553 ad
870 2488 1014 2553 intimum
1035 2487 1083 2552 dei
1106 2503 1244 2552 amorem
1269 2505 1436 2569 ueramque
1464 2505 1542 2571 erga
1562 2494 1756 2555 servatorem
1777 2490 2004 2572 gratitudinem
2024 2513 2095 2577 per·

306 2599 417 2680 ducat,
437 2599 520 2681 quod
540 2599 622 2663 idem
642 2597 680 2662 fit
700 2598 734 2662 iu
755 2595 942 2662 carminibus
961 2595 1053 2662 modo
1076 2596 1176 2662 dictis.

387 2707 517 2776 Accedit
542 2707 708 2774 manifesta
740 2705 884 2772 dictionis
917 2704 1094 2771 similitudo.
1137 2706 1209 2773 Jam
1229 2705 1384 2772 'introitus
1416 2707 1577 2774 commum:
1621 2707 1774 2790 hlonige
1807 2710 1942 2776 sindun
1974 2715 2095 2794 geond

304 2816 577 2900 middangeard
596 2815 721 2883 nummu
750 2833 832 2898 cymr
852 2813 996 2880 conuenit
1016 2832 1086 2880 cum
1105 2813 1335 2880 introductione
1357 2814 1503 2882 Guthlaci
1523 2815 1633 2882 iisdem
1661 2817 1758 2882 etiam
1785 2817 1888 2884 verbis
1909 2819 2094 2902 incipiente=

305 2925 453 3011 Menige
475 2928 615 2995 sindun
635 2928 759 3008 geond
778 2923 1055 3006 middangeard
1075 2923 1193 2990 hadas
1212 2923 1311 2990 under
1331 2923 1504 2992 heoiomm.
1545 2925 1595 2990 Ex
1624 2925 1692 2990 sola
1711 2925 1862 2992 balaenae
1887 2927 2095 3014 descriptione

304 3042 381 3108 haec
400 3038 556 3122 prodeunt
578 3037 815 3122 Gynevulfiana:
838 3056 867 3102 v.
888 3040 928 3101 23
949 3031 1206 3114 reonigmode,
1228 3034 1336 3098 reste
1357 3032 1492 3114 gelyste,
1513 3038 1551 3099 ut
1572 3032 1820 3114 reonigmode
1841 3041 1942 3102 reste
1962 3039 2095 3123 geiegon

301 3153 340 3221 h.
363 3157 433 3220 592.
455 3157 512 3218 vta
533 3151 598 3218 him
617 3156 722 3215 reste
743 3146 839 3230 neto,
864 3145 1145 3229 reonigmbdum
1165 3143 1204 3211 G.
1228 3148 1309 3212 1068
1330 3161 1393 3224 sq,
1418 3139 1530 3207 deinde
1557 3162 1585 3207 v.
1609 3146 1649 3208 28
1669 3161 1730 3208 vox
1749 3143 1917 3224 singularis
1945 3147 2017 3214 nob
2037 3153 2090 3235 Η)

303 3261 444 3330 adhibito
470 3265 520 3328 est
547 3276 626 3343 quae
651 3258 811 3339 hucusque
836 3257 960 3322 nonnisi
982 3256 1012 3323 J.
1036 3259 1096 3320 343
1122 3254 1205 3321 lecta
1225 3261 1291 3337 est,
1334 3258 1409 3318 tunc
1436 3270 1467 3318 v.
1490 3257 1529 3318 30
1560 3251 1642 3318 sloh
1668 3253 1782 3320 ieond
1806 3255 1939 3336 gemah
1968 3266 2005 3326 ut
2030 3263 2093 3331 iah

302 3377 418 3448 leand
437 3368 567 3454 ganah
587 3367 643 3434 Ph.
667 3371 744 3449 595;
764 3383 857 3450 porro
878 3383 907 3431 v.
930 3369 971 3431 46
990 3362 1087 3446 goda
1108 3362 1253 3445 getsne
1273 3367 1310 3426 ut
1330 3361 1413 3442 goda
1433 3378 1547 3441 gaeserr
1567 3361 1595 3426 E
1618 3365 1696 3444 9243
1722 3361 1838 3444 gedsne
1859 3365 1941 3445 goda
1961 3367 1991 3434 J.
2014 3373 2092 3440 216:

301 3487 421 3558 secedit
446 3503 476 3550 v.
498 3487 539 3549 50
560 3476 758 3563 vaterpisa
785 3475 890 3559 donc,
920 3473 970 3541 cui
995 3473 1118 3540 nonnisi
1145 3491 1184 3540 ex
1206 3471 1319 3555 (lynea.
1347 3471 1480 3538 conferri
1505 3477 1637 3555 possunt
1665 3471 1829 3558 brimpisa,
1860 3476 2031 3564 merepissa
2059 3491 2093 3552 et

302 3595 479 3683 utterbissa
501 3591 539 3658 G.
560 3593 641 3656 1303
663 3587 729 3670 (ubi
748 3585 898 3667 scriptum
916 3589 967 3651 est
981 3583 1101 3670 phua),
1121 3601 1151 3648 r.
1176 3585 1216 3647 73
1235 3579 1414 3647 hlindurn
1437 3587 1473 3648 ut
1494 3581 1578 3648 fore
1598 3581 1783 3648 hlindura
1802 3584 1840 3649 A.
1860 3590 1931 3653 035.

382 3733 512 3798 Praeter
529 3727 587 3794 has
607 3723 780 3807 physiologi
799 3721 948 3806 reliquias
969 3723 1082 3789 etalio
1102 3721 1255 3804 quaedam
1275 3722 1397 3788 minora
1418 3723 1565 3807 earrnina,
1586 3728 1622 3788 ut
1635 3723 1724 3806 quod
1747 3743 1800 3790 eas
1820 3726 1853 3792 in
1876 3727 1979 3796 codice
2001 3736 2092 3800 ante·

302 3847 401 3928 aedit,
422 3857 576 3910 summum
597 3855 743 3904 sonorum
763 3834 946 3918 artificium,
977 3835 1010 3900 in
1040 3853 1100 3916 quo
1130 3833 1206 3900 illud
1235 3835 1280 3899 sic
1308 3833 1424 3900 transit
1442 3833 1542 3914 gloria
1569 3833 1677 3898 mundi
1697 3836 1837 3914 graviter
1856 3837 2089 3924 luculenterque

298 3955 479 4040 exponitur,
512 3945 673 4031 Cynevulfi
693 3963 762 4011 esse
781 3943 942 4026 probabile
967 3943 1056 4009 reddi
1075 3942 1221 4027 potuerit.
1263 3942 1369 4008 Missis
1391 3947 1497 4007 tamen
1521 3941 1569 4006 his
1597 3961 1677 4024 quae
1703 3943 1744 4008 ad
1770 3945 1951 4026 primarirmr
1976 3967 2089 4032 propo

298 4071 393 4137 situm
421 4068 458 4130 ut
487 4065 575 4128 aetas
601 4063 712 4143 poetae
733 4055 926 4137 illustretur,
946 4072 1058 4137 parum
1088 4051 1227 4119 conferre
1253 4052 1433 4132 videantur,
1472 4068 1568 4133 pergo
1591 4049 1631 4114 ad
1652 4048 1732 4117 hanc
1758 4053 1969 4134 quaestionem
1988 4057 2088 4139 ipsam

297 4174 511 4247 mundam,
540 4169 590 4237 cui
611 4187 692 4252 quae
709 4167 800 4234 modo
821 4165 963 4249 exposita
984 4169 1058 4230 suut
1078 4163 1271 4232 hmdamenti
1289 4163 1358 4229 loco
1378 4167 1470 4228 erant
1495 4161 1739 4243 praemunienda
1760 4168 1793 4228 et
1814 4163 2016 4247 suincienda.

391 4305 595 4392 Gyneudium
627 4322 719 4387 quem
738 4303 806 4370 Jac.
832 4301 1001 4369 Grimmius
1033 4302 1073 4368 ad
1101 4301 1258 4368 saeculum
1287 4304 1433 4366 octavum
1466 4299 1619 4365 retulerat
1646 4298 1810 4382 aequalem
1842 4301 1978 4366 aucuns
2007 4302 2086 4368 Beo

296 4419 387 4503 vulfi,
420 4417 588 4500 scriptores
608 4411 729 4494 Anglici
749 4411 881 4477 eundem
901 4410 997 4477 inisse
1020 4411 1166 4478 dixerunt
1188 4411 1241 4493 qui
1260 4408 1352 4490 sumo
1373 4407 1525 4474 Kenulhrs
1547 4407 1644 4474 abbas
1666 4408 1835 4489 Burgensis
1856 4409 2084 4493 nominabatur,

295 4547 432 4613 ergoque
451 4527 486 4593 in
506 4522 637 4592 ooniinio
665 4520 830 4586 samalili
858 4524 891 4585 et
911 4521 958 4586 XI
984 4519 1140 4603 demisse,
1172 4519 1287 4586 etenim
1309 4518 1460 4586 Keuulius
1486 4538 1525 4586 ex
1554 4518 1668 4585 abbate
1688 4519 1842 4600 Brugensi
1871 4521 2083 4608 (aaa-1006)

296 4643 458 4726 episcopus
484 4633 707 4704 Wintoniersis
736 4629 837 4700 iactus
864 4636 1005 4699 mortuus
1037 4637 1087 4698 est
1121 4649 1202 4698 anno
1233 4629 1391 4712 1007¹⁰)‚
1435 4647 1504 4696 cum
1542 4629 1753 4713 episcopatum
1779 4647 1843 4696 ηοη
1870 4628 1968 4696 multo
1999 4632 2084 4699 ultra

366 5025 412 5093 13)
429 5021 532 5091 Syllaba
549 5023 673 5090 producta
694 5019 838 5082 eiierendo,
866 5036 924 5073 curn
944 5019 1027 5090 posita
1047 5022 1082 5073 eit
1103 5035 1150 5088 pro
1169 5021 1273 5074 nautlr
1293 5025 1321 5071 ut
1337 5016 1396 5071 roth
1422 5034 1469 5087 pro
1495 5017 1585 5082 noth,
1609 5025 1636 5070 et
1657 5017 1783 5086 originem
1802 5018 1875 5071 siout
1890 5017 1964 5072 verbi
1983 5019 2079 5074 otther

296 5128 326 5174 nt
341 5117 399 5172 aoth
417 5114 491 5170 verbi
510 5115 609 5177 setheo,
628 5115 775 5184 significans
795 5116 916 5182 impeturn
934 5113 977 5166 vel
996 5123 1145 5183 aggressura
1163 5109 1287 5163 audacem
1307 5119 1334 5165 et
1351 5111 1482 5164 audaciore
1499 5113 1592 5178 ipram
1611 5111 1654 5163 eui
1665 5111 1806 5179 respondet
1824 5111 1904 5165 thaat.
1922 5119 1974 5167 vet
1995 5114 2079 5167 nand

297 5212 437 5281 (audacia.
456 5209 597 5274 umentes)
617 5207 686 5276 quod
705 5217 744 5260 ert
760 5211 787 5262 in
807 5225 875 5262 nom.
893 5222 981 5277 propr.
1000 5206 1147 5266 flodoard,
1166 5205 1311 5260 Bardinend
1330 5203 1407 5260 Graii.
1426 5205 1464 5265 ll.
1484 5204 1561 5257 1093.

367 5305 414 5372 20)
432 5303 522 5358 Annus
541 5303 610 5357 1006
629 5300 724 5354 dieitur
741 5301 897 5356 aiilorentio
915 5302 983 5371 wig.
1002 5310 1029 5355 et
1046 5303 1072 5354 irr
1082 5299 1204 5354 chronici
1222 5299 1281 5352 Sex.
1300 5297 1359 5351 cod.
1381 5295 1470 5363 hand,
1489 5296 1535 5349 red
1553 5311 1585 5349 ex
1604 5296 1752 5350 murronis
1771 5295 2078 5356 carmamelensis

1790 5394 1835 5454 2„
