5192 6636
2112 639 2161 716 25

371 840 518 910 manibus
538 847 668 909 exemto
691 847 908 926 est-quarum
929 843 1030 909 altera
1050 860 1071 907 a
1093 842 1256 925 Symposio
1277 835 1388 925 incipit
1407 845 1441 908 et
1460 859 1558 925 usque
1579 841 1621 908 ad
1641 843 1795 910 aldhelmi
1817 845 1961 929 aenigma
1972 865 2071 930 xum,
2092 849 2159 918 sive

373 967 397 1017 a
414 949 457 1016 iol
481 955 512 1014 1ι
532 965 632 1032 usque
651 949 692 1015 ad
715 943 769 1015 14l
789 949 969 1034 porrigitur,
990 950 1092 1016 altera
1112 949 1225 1016 eblrmc
1246 950 1405 1031 usquead
1427 949 1520 1015 finem
1541 949 1607 1015 sive
1628 967 1649 1015 a
1668 950 1721 1017 iol.
1744 956 1795 1016 15·
1815 971 1913 1035 usque
1936 953 1977 1020 ad
1997 958 2060 1022 24⁸.

457 1055 548 1123 Prius
569 1056 742 1139 scripturae
762 1073 870 1138 genus,
891 1056 974 1139 quod
995 1057 1028 1122 in
1049 1055 1156 1122 abida
1171 1056 1304 1139 specime
1325 1073 1342 1121 e
1362 1055 1414 1122 loi.
1438 1057 1490 1122 14ι
1509 1057 1607 1139 petito
1629 1062 1898 1140 repraesentatum
1919 1066 1976 1142 est,
1998 1060 2040 1128 ab
2059 1060 2159 1127 altero

369 1164 436 1260 pin
456 1179 493 1229 eo
505 1163 716 1245 distinguitur,
738 1161 821 1245 quod
840 1162 950 1228 literae
970 1181 991 1228 a
1013 1161 1109 1228 tertia
1133 1161 1386 1242 *ioruraarrndit
1418 1163 1555 1229 rotunda
1574 1169 1607 1228 et
1626 1163 1741 1245 clausa,
1760 1164 1845 1247 quali
1868 1181 1925 1230 nos
1945 1167 1976 1231 in
1996 1166 2159 1234 scribendo

369 1268 497 1350 utimur,
517 1263 784 1352 quaeadlribetur
805 1269 859 1338 obl
878 1269 992 1354 prioris
1010 1267 1120 1336 literae
1142 1268 1252 1334 ductis
1271 1267 1343 1334 cum
1365 1287 1403 1336 ea
1424 1270 1637 1352 conjungitur,
1664 1275 1702 1336 ut
1720 1271 1753 1336 in
1775 1271 1876 1338 linem
1896 1277 2054 1338 extremae
2074 1273 2158 1340 voci·

364 1375 429 1443 aas
448 1376 574 1458 primia
591 1371 721 1459 ,in'gora
744 1375 841 1441 dura'.
888 1375 1058 1442 Mariorum
1075 1375 1243 1442 discrimen
1263 1374 1298 1440 in
1319 1375 1490 1459 mujunctis
1512 1373 1609 1456 signis
1631 1381 1696 1457 est,
1724 1377 1775 1444 hic
1803 1378 1886 1442 enim
1907 1395 1969 1444 non
1996 1377 2097 1445 solum
2118 1385 2158 1462 st,

367 1483 399 1548 lt
419 1481 476 1548 sed
494 1481 590 1548 etiam
610 1485 650 1564 ct,
667 1487 705 1548 rt
724 1487 819 1564 atque
837 1497 890 1564 ra,
917 1501 953 1548 ro
967 1483 1085 1549 literae
1116 1482 1210 1548 dooto
1236 1499 1334 1564 super
1358 1479 1471 1547 lincam
1499 1482 1695 1564 prominente
1723 1483 1924 1566 copulantur,
1951 1501 2012 1567 quo
2038 1484 2122 1550 iacto
2142 1503 2161 1550 r

368 1591 567 1674 conjunctim
587 1587 686 1654 sindle
707 1587 745 1656 iit
764 1607 781 1654 s
800 1585 909 1670 longa
929 1595 968 1654 ut
989 1589 1026 1658 ira
1041 1605 1116 1654 vore
1151 1588 1321 1672 ,rertigine’
1343 1587 1444 1654 lineae
1465 1589 1607 1672 quartae.
1649 1590 1739 1655 Aliae
1765 1589 1878 1656 literae
1897 1596 1934 1656 nt
1954 1589 1966 1654 i
1994 1595 2027 1655 et
2047 1609 2064 1654 s
2085 1591 2158 1657 suls

364 1695 527 1780 iungendo
548 1707 641 1778 saepe
660 1711 732 1761 curn
753 1691 856 1778 priore
875 1699 1102 1761 oonnccnmtur
1120 1699 1153 1760 et
1178 1695 1221 1762 in
1238 1711 1333 1762 unum
1353 1695 1476 1776 signum
1504 1695 1589 1761 inira
1615 1695 1737 1762 lineam¹
1757 1695 1949 1779 protensum·
1969 1695 2156 1763 coalescant.

370 1803 459 1871 Intar
480 1803 654 1885 scripturae
673 1803 897 1885 apenninas·
910 1797 1034 1867 Panno
1062 1799 1148 1866 edila
1173 1800 1461 1884 nullrmvaequarm,
1491 1802 1627 1868 sadlnm
1647 1803 1978 1884 undummrenitun,
2005 1821 2101 1886 quam
2125 1804 2158 1869 iu

371 1909 477 1993 quarti
497 1909 646 1992 fasciculi,
667 1929 685 1976 e
705 1909 840 1990 Legibus
862 1908 1046 1991 deprompti,
1068 1906 1133 1972 tab.
1157 1913 1172 1972 1
1197 1925 1325 1972 numero
1348 1907 1499 1990 quintum,
1519 1927 1536 1973 e
1559 1907 1624 1974 cod.
1644 1909 1715 1974 Par.
1739 1927 1818 1974 saec.
1839 1910 1886 1976 IX
1907 1911 2052 1976 sumtum.
2129 1948 2153 1986 .;

453 2015 564 2081 Altera
584 2015 698 2083 oodids
720 2013 936 2097 Lugdunensis
966 2033 1056 2097 pars,
1087 2013 1162 2080 lolia
1182 2012 1288 2079 decem
1309 2015 1483 2096 posteriora
1513 2015 1736 2098 complectere,
1763 2015 1909 2082 nitidiore
1936 2035 2031 2084 manu
2058 2016 2157 2082 multo

371 2121 541 2205 simplicius
563 2127 597 2188 et
616 2123 800 2204 distinctius,
822 2122 981 2206 aliquanto
1003 2122 1098 2186 etium
1118 2120 1288 2186 minoribus
1309 2120 1409 2186 literis
1429 2121 1545 2203 scripta
1566 2126 1630 2202 est,
1658 2123 1818 2205 magisque
1846 2123 2012 2189 concinnis.
2057 2123 2158 2206 Super

371 2229 457 2296 linea
478 2231 660 2313 conjunctae
680 2228 773 2296 modo
801 2235 875 2296 sunt
899 2228 1009 2294 literae
1036 2232 1083 2309 st,
1105 2225 1149 2309 it,
1183 2228 1268 2294 intra
1297 2245 1366 2293 eam
1393 2233 1520 2310 praeter
1545 2247 1572 2293 a
1600 2233 1633 2294 et
1659 2233 1685 2292 ἀ
1711 2229 1892 2312 plenumque
1920 2228 2011 2296 modo
2039 2245 2061 2309 g
2088 2247 2158 2294 oum

372 2337 516 2422 sequenti
537 2338 626 2419 signo
646 2353 816 2404 connexum
837 2339 903 2416 est,
932 2352 1025 2417 saepe
1047 2333 1157 2400 dorne
1177 2353 1195 2400 e
1214 2353 1294 2417 qoue
1315 2335 1427 2400 dicitur
1449 2334 1555 2416 lingua
1576 2335 1669 2417 longo
1693 2355 1801 2401 versus
1823 2335 1964 2401 dextram
1992 2335 2086 2402 ductu
2105 2353 2158 2401 ex-

371 2447 529 2527 tenditur,
551 2443 748 2527 ampliusque
767 2442 850 2507 inira
870 2442 984 2507 lineum
1007 2459 1115 2506 uersus
1137 2441 1298 2506 sinistram
1317 2440 1428 2506 literae
1450 2459 1473 2504 x
1492 2459 1564 2507 crus
1585 2441 1718 2508 alterum
1738 2443 1935 2525 producitur,
1956 2460 2050 2524 quam
2068 2441 2106 2507 fit
2124 2443 2157 2509 iu

369 2554 474 2636 priore
494 2557 587 2634 parte
604 2549 685 2631 libri,
705 2546 932 2630 aliquantulum
953 2545 1036 2612 inira
1059 2546 1173 2611 lineam
1192 2548 1290 2611 etiam
1311 2566 1328 2611 r
1348 2548 1473 2629 saeplrrs
1486 2549 1666 2630 porrigitur.
1709 2549 1746 2614 In
1767 2549 1860 2614 rebus
1880 2547 2036 2631 plerisque
2057 2549 2157 2614 simile

370 2663 421 2725 est
443 2675 461 2722 e
482 2655 656 2724 Pertzionis
678 2652 896 2738 speciminibus
915 2651 991 2719 illud
1014 2651 1097 2735 qood
1117 2653 1149 2717 in
1171 2653 1247 2718 torni
1267 2653 1299 2718 11
1319 2651 1383 2718 tab.
1404 2652 1421 2719 1
1443 2671 1461 2718 e
1482 2654 1549 2718 sita
1561 2653 1668 2721 Sancti
1689 2653 1772 2720 Gali
1794 2673 1873 2720 saec.
1895 2655 1941 2721 IX
1961 2653 2079 2720 editum
2099 2659 2157 2737 est,

371 2780 560 2850 quamquam
579 2762 630 2830 hio
650 2760 760 2828 literae
781 2764 814 2826 rt
834 2777 927 2843 super
947 2759 1030 2824 linea
1050 2758 1233 2842 conjunctae
1252 2764 1335 2840 sunt,
1357 2759 1438 2842 quod
1459 2760 1506 2826 uti
1527 2778 1620 2843 supra
1643 2760 1768 2842 dictum,
1789 2761 1821 2826 in
1842 2759 1901 2826 hac
1921 2765 2012 2844 parte
2030 2759 2157 2843 Lugdu·

370 2872 476 2939 nensis
499 2869 612 2938 oodicia
633 2886 792 2952 uunquam
813 2869 863 2932 cst
883 2865 1010 2932 tactum.

452 2977 610 3044 Didenmt
630 2993 686 3042 cae
707 2979 815 3058 partes
839 2973 934 3042 etiam
956 2973 988 3037 in
1000 2991 1036 3038 eo
1057 2969 1140 3055 quod
1153 2969 1565 3054 literueinitialesinpriore
1578 2976 1652 3037 sunt
1669 2973 1787 3054 nigrae,
1808 2971 2023 3055 inposteriore
2033 2971 2156 3054 rubrae,

370 3093 403 3153 et
425 3085 508 3170 quod
527 3087 561 3152 iu
580 3083 640 3150 hac
659 3082 845 3166 paginarum
864 3079 965 3146 lneae
992 3079 1174 3162 plerumque
1203 3076 1323 3142 duabus
1344 3081 1400 3142 aot
1420 3076 1520 3142 tribus
1540 3078 1645 3160 plures
1668 3084 1742 3144 sunt
1763 3095 1857 3161 quam
1877 3079 1911 3144 in
1931 3079 2001 3161 illa,
2029 3077 2156 3146 diatma-

369 3193 493 3272 tiusque
515 3209 623 3254 aarum
651 3189 762 3252 ductus
789 3185 989 3250 membranae
1018 3188 1093 3249 sunt
1124 3185 1276 3265 impressi.
1317 3181 1446 3248 Duabus
1473 3184 1569 3262 igitur
1595 3185 1738 3266 partibus
1764 3185 1860 3250 codex
1889 3191 2068 3268 compactura
2096 3191 2155 3268 est,

370 3312 500 3378 quorum
527 3293 682 3378 posterior
701 3296 751 3357 est
772 3296 806 3355 et
823 3290 983 3383 ¹scripturo
1006 3295 1039 3354 et
1060 3289 1171 3355 ceteris
1191 3289 1288 3370 signis
1309 3287 1445 3354 externis
1468 3287 1594 3372 pardulo
1615 3291 1787 3373 vetustior,
1817 3297 1849 3356 et
1868 3291 1896 3356 si
1916 3291 2002 3374 prior
2022 3294 2156 3357 exeunte

369 3401 491 3491 saeculo
509 3399 556 3468 IX
570 3397 745 3484 conscripta
768 3402 825 3480 est,
845 3397 943 3479 priori
963 3391 1102 3479 ejusdem
1121 3395 1205 3478 parti
1226 3393 1331 3460 deberi
1353 3394 1484 3462 ridetur.
1989 3481 1991 3488 Α

367 3490 391 3566 .’
448 3509 523 3576 Jam
541 3526 615 3572 vero
637 3505 739 3572 scriba
759 3505 812 3590 qui
831 3503 1041 3598 framentum
1061 3501 1215 3585 anglicum
1235 3501 1357 3568 addidit
1380 3520 1443 3568 non
1465 3499 1565 3576 solum
1585 3493 1807 3584 ejusdem'aevi
1828 3485 1896 3584 fuit,
1918 3521 1988 3570 oum
2001 3507 2156 3569 normaet

368 3614 591 3696 cousuetudine
611 3611 768 3680 scribendi
794 3611 902 3676 eadem
931 3601 1078 3706 dqcatur‘,
1109 3605 1205 3674 veluti
1232 3627 1270 3674 ae
1290 3627 1348 3691 pro
1375 3627 1394 3674 e
1422 3607 1507 3675 brevi
1536 3605 1702 3692 adhibens,
1732 3608 1815 3691 qnod
1836 3609 1870 3676 in
1889 3597 2022 3692 utraque
2042 3607 2156 3674 codicis

367 3722 581 3807 portalatina
603 3719 712 3787 crebro
732 3717 868 3800 irrepsit,
887 3716 1004 3798 legitur
1025 3716 1121 3781 enim:
1157 3716 1271 3798 inqoae
1297 3732 1355 3797 pro
1375 3715 1468 3798 inque
1490 3715 1593 3799 Symp.
1615 3721 1651 3796 8,
1673 3720 1691 3784 2
1739 3719 1941 3802 mutatoquqe
1959 3715 2027 3783 solo
2057 3718 2111 3796 18,
2134 3718 2154 3779 2

368 3846 521 3912 moxquae
541 3827 612 3893 did.
637 3829 688 3906 12,
723 3824 916 3906 suumquae
936 3827 993 3902 67,
1025 3827 1044 3888 9
1065 3827 1103 3887 ut
1122 3826 1156 3888 et
1174 3821 1367 3904 cacuminata,
1398 3821 1529 3904 caecidi,
1560 3822 1742 3905 recoluisse,
1769 3822 1959 3905 expraessi,
1988 3822 2157 3907 praetioso,

367 3935 526 4004 sedidem
547 3934 642 4000 eiiam
662 3931 757 3998 misse
774 3927 945 3996 censendus
967 3933 1031 4010 est,
1065 3928 1118 4010 qui
1145 3927 1277 3992 alteram
1300 3927 1413 3993 codids
1435 3933 1557 4011 partem
1578 3930 1717 4011 scripsit,
1746 3929 1854 3995 eodem
1880 3929 1961 3994 euim
1982 3929 2156 4010 scripturae

367 4059 481 4128 genere
502 4041 610 4108 utitur.
652 4038 778 4105 literae
797 4035 920 4120 quidem
941 4036 974 4101 iu
994 4034 1240 4116 anglosaxonicis
1261 4033 1354 4116 paulo
1382 4035 1518 4100 minores
1546 4035 1727 4120 plerumque
1755 4040 1829 4102 suut
1857 4054 1950 4118 quam
1979 4035 2013 4100 in
2039 4033 2156 4115 latinis,

366 4151 399 4220 id
419 4157 524 4216 umen
550 4147 651 4230 spatio
678 4144 850 4227 explicatur
893 4141 976 4225 quod
999 4142 1091 4207 aliter
1112 4140 1280 4220 aenigmati
1302 4138 1347 4204 illi
1367 4140 1562 4224 suscipiendo
1583 4161 1644 4206 non
1665 4141 1852 4222 suffecisset,
1879 4142 2052 4224 acciditque
2073 4141 2156 4206 idem

367 4256 524 4326 interdum
543 4255 578 4321 in
598 4252 705 4318 latinis
726 4251 818 4316 liuds
843 4248 1003 4314 extremis.
1041 4248 1163 4314 Doctus
1190 4251 1296 4312 autem
1317 4247 1479 4314 literamm
1508 4250 1632 4314 omnino
1660 4267 1722 4314 non
1750 4267 1820 4315 cum
1847 4249 1951 4331 priore
1977 4266 2072 4314 mano
2100 4245 2164 4340 sed

366 4383 436 4433 eum
455 4359 628 4447 posteriore
648 4357 811 4424 convenire
831 4355 1029 4421 manifestum
1047 4358 1109 4420 ast.

450 4471 537 4549 Quae
556 4484 627 4533 cum
646 4465 692 4530 ita
714 4463 794 4544 sint,
827 4461 1036 4544 fragmentum
1055 4465 1197 4527 nostram
1225 4458 1348 4524 sesamo
1369 4461 1416 4528 1x
1441 4460 1590 4542 scriptum
1617 4477 1687 4526 esse
1714 4457 1862 4540 eflicitur,
1891 4463 1924 4524 et
1946 4477 2014 4524 cum
2036 4475 2074 4522 ex
2093 4456 2155 4522 alio

365 4577 471 4648 codice
491 4573 681 4655 descriptum
702 4570 760 4650 sit,
785 4571 1003 4649 argumentum
1024 4567 1091 4650 ejus
1109 4571 1142 4632 et
1163 4565 1316 4631 vetustius
1336 4583 1405 4635 esse
1424 4585 1515 4650 posse
1537 4570 1677 4648 apparet.

448 4681 545 4764 Atqui
566 4679 594 4746 si
614 4678 738 4759 liuguae
767 4673 969 4741 conformatio
996 4673 1176 4755 respicitur,
1210 4671 1369 4754 antiquior
1396 4665 1518 4732 saeculo
1547 4683 1627 4731 nono
1655 4670 1705 4731 est
1731 4664 1764 4730 in
1792 4681 1866 4730 voce
1894 4661 2049 4729 lliusum
2074 4681 2104 4726 a.
2135 4663 2154 4726 3

365 4788 576 4871 diphthongos
605 4783 672 4865 JU,
707 4787 782 4848 ante
806 4778 985 4846 dissimilem
1012 4779 1072 4844 sibi
1099 4783 1321 4844 consonantem
1349 4775 1469 4861 posita,
1505 4772 1592 4856 cuius
1619 4769 1687 4838 looo
1716 4769 1867 4838 dialectis
1900 4765 2151 4852 septentrionalis

367 4893 491 4962 seecfflo
512 4911 595 4958 nono
615 4889 706 4956 modo
725 4888 784 4955 ΕΙ]
810 4888 901 4970 juxta
922 4903 975 4967 eo,
1009 4885 1039 4949 io
1060 4885 1190 4966 vulgare
1209 4883 1312 4949 habet.
1354 4879 1663 4962 argumentantem
1684 4895 1723 4942 err
1743 4876 1905 4943 Aldhelmo
1925 4875 2008 4942 versi
2033 4872 2156 4939 ratione

365 5001 486 5082 habita,
509 4999 536 5064 si
557 5001 730 5080 mutatur,
751 4994 890 5060 ordinem
910 5009 1057 5058 ramnum
1076 5009 1096 5056 a
1116 4997 1209 5072 poeta
1220 4988 1460 5072 anglosaxonica
1481 5003 1544 5050 nou
1566 5003 1605 5050 ex
1625 4983 1756 5051 arbitrio
1776 4983 1916 5066 relinqui,
1936 4983 1998 5049 imo
2017 4981 2156 5048 ordinem

370 5125 462 5190 qoem
481 5104 579 5172 habet
597 5105 629 5169 in
650 5104 826 5184 aenigmate
846 5099 885 5166 de
906 5097 1133 5178 creotrraXL,
1146 5103 1185 5162 82
1208 5116 1275 5179 sqq.
1298 5117 1317 5162 a
1338 5095 1465 5177 vulgato
1485 5097 1574 5158 textu
1594 5091 1758 5170 diversum,
1779 5091 1956 5157 testimonio
1976 5087 2155 5156 vetustioris

366 5213 495 5296 codicis,
515 5211 661 5277 nimirum
681 5207 897 5291 Lugdunensis
917 5205 1018 5272 nostri
1040 5203 1232 5284 confirmari,
1268 5201 1359 5267 facile
1384 5198 1578 5280 intelligitur,
1606 5215 1645 5262 ex
1672 5197 1780 5263 ordine
1800 5215 1945 5264 versurum
1965 5195 2155 5278 anglicorum

365 5319 477 5388 iuhoc
496 5318 536 5386 de
557 5317 653 5385 lorica
673 5316 866 5398 aenigmate,
901 5319 1054 5396 utsupra
1082 5315 1225 5378 nontam
1252 5314 1317 5392 est,
1348 5306 1544 5389 discrepante
1571 5303 1611 5370 ab
1641 5303 1748 5370 ordine
1776 5303 1962 5385 edidomm,
1992 5307 2026 5368 et
2053 5319 2094 5368 no
2111 5301 2154 5367 tri

1939 5415 1960 5477 4
2081 5427 2106 5455 ρ.
