5192 6636
428 591 479 670 20

429 801 573 870 tecedem
594 802 698 864 autern
717 795 770 863 uil
792 793 1047 878 impersonaliter,
1068 795 1137 864 vult
1155 813 1212 880 pro
1235 794 1343 864 voluat
1363 795 1481 864 dionunt
1501 801 1560 878 est,
1581 795 1625 862 sio
1645 795 1787 862 noscitur
1807 795 1964 862 sententis
1984 793 2076 862 baec:
2099 792 2220 862 Volunt

430 908 481 976 vel
501 907 601 972 solent
623 909 728 968 tamen
749 901 947 968 nihilominus
968 901 1033 968 late
1055 920 1149 985 super
1170 907 1257 968 terra
1278 921 1328 968 me
1349 901 1507 984 appellare
1528 902 1610 968 inter
1631 901 1771 968 homines
1794 901 1997 968 laetissimam
2016 905 2143 968 vestem

511 1011 704 1078 Penultimae
730 1009 830 1076 bneee
855 1009 979 1076 literam
1001 1009 1133 1090 primam
1165 1009 1379 1076 Betbmannns
1405 1009 1527 1090 legerat
1546 1007 1592 1090 V,
1620 1007 1704 1090 quod
1723 1025 1877 1092 nusquam
1898 1008 1932 1074 ιιι
1958 1007 2017 1074 boo
2042 1006 2220 1088 fragmento

429 1125 479 1189 est
499 1119 686 1196 adhibitum,
713 1115 788 1182 mihi
811 1116 843 1180 in
871 1115 955 1180 sulco
983 1113 1037 1180 illo
1060 1133 1121 1196 qno
1144 1113 1298 1182 linearum
1321 1115 1412 1182 initis
1439 1115 1568 1182 delinita
1591 1118 1699 1195 erant,
1737 1113 1848 1182 doetus
1870 1130 2034 1196 superesse
2053 1112 2218 1180 videbatur

430 1245 521 1311 quem
542 1243 599 1308 pro
621 1224 747 1290 sinistro
767 1221 878 1287 literae
891 1220 921 1284 N
941 1237 1031 1288 crure
1049 1219 1164 1286 babere
1178 1221 1295 1303 liceret,
1316 1239 1385 1288 enm
1404 1221 1487 1288 enim
1502 1238 1612 1288 sensus
1626 1219 1759 1301 flagitm.
1800 1219 1946 1286 Proxima
1960 1237 2020 1285 vox
2041 1237 2219 1300 anoegun

430 1351 500 1402 cum
521 1334 668 1413 sequatur
687 1329 720 1394 io
741 1344 795 1392 me
811 1327 912 1408 prima
933 1326 1019 1390 verbi
1041 1325 1170 1410 alicujus
1192 1345 1327 1409 perenm
1347 1327 1391 1392 sit
1410 1343 1535 1394 neeesse
1554 1330 1619 1407 est,
1652 1343 1734 1408 quae
1755 1324 1974 1408 suppeditatur
1995 1325 2132 1407 vulgaris
2153 1343 2220 1392 ser·

430 1439 529 1506 monis
550 1435 644 1502 verbo
667 1433 840 1514 onegniam
878 1450 1048 1514 synonymo
1068 1433 1153 1498 verbi
1173 1434 1297 1515 onegan
1323 1432 1476 1516 (timere);
1509 1433 1631 1515 abjecta
1650 1436 1796 1500 estante
1821 1449 1992 1515 pronomen
2012 1432 2221 1514 postpositum

431 1543 547 1612 vocalis
567 1538 810 1620 terminationis,
838 1542 874 1602 ut
901 1538 933 1602 in
954 1539 1027 1603 ven
1048 1539 1081 1604 io
1103 1556 1197 1620 saepe
1217 1537 1269 1619 ιιι,
1303 1542 1336 1603 et
1358 1537 1474 1604 iactum
1495 1539 1614 1604 estin:
1642 1536 1846 1619 getrumad
1866 1537 1900 1604 io
1921 1537 1999 1604 ultr.
2019 1537 2096 1606 Bed
2118 1537 2218 1604 Wbel.

431 1668 462 1733 p.
483 1652 559 1730 392;
590 1648 678 1730 justa
699 1651 803 1710 autern
835 1647 884 1708 eet
913 1644 1040 1726 scriptio
1062 1662 1119 1726 per
1139 1662 1192 1725 oe,
1226 1661 1297 1710 cum
1317 1644 1473 1726 onegnian
1495 1645 1561 1710 sive
1581 1643 1759 1725 outgunian
1779 1642 1949 1712 descendat
1967 1661 1989 1708 a
2010 1645 2135 1710 nomine
2157 1644 2220 1726 riga

430 1754 559 1838 (timor).
601 1751 804 1818 Amometus
825 1767 845 1814 a
867 1748 961 1814 verbo
983 1750 1111 1816 timendi
1132 1749 1270 1834 pendens
1293 1755 1343 1814 est
1364 1749 1617 1832 aerigloeroe‚
1655 1751 1743 1834 eujus
1771 1749 2000 1832 compositionis
2031 1767 2107 1832 pars
2135 1750 2221 1832 prior

432 1863 518 1944 aerig
538 1861 638 1926 laxius
660 1863 709 1922 est
736 1855 939 1938 pronuntiata
957 1873 1015 1936 pm
1037 1855 1128 1937 nerlu,
1149 1861 1185 1922 ιιι
1205 1856 1243 1921 fit
1261 1856 1295 1922 in
1315 1855 1406 1938 byrig
1426 1874 1484 1937 pro
1504 1854 1584 1939 byrb
1605 1854 1734 1938 (urbm),
1754 1861 1788 1922 et
1806 1855 1858 1922 bie
1877 1855 1996 1922 actvm
2010 1862 2061 1922 est
2080 1855 2114 1922 in
2135 1853 2222 1922 terib

430 1986 489 2052 pro
510 1963 600 2045 omn,
631 1963 705 2028 eerb
726 1966 831 2028 autern
851 1961 963 2026 rariori
982 1977 1042 2026 usn
1068 1961 1185 2028 dictum
1206 1966 1256 2028 est
1275 1979 1333 2044 pro
1357 1962 1449 2043 eorb,
1480 1966 1515 2028 ut
1536 1963 1568 2027 in
1590 1958 1696 2030 daerm
1716 1980 1774 2045 pro
1796 1959 1901 2030 team
1915 1965 1984 2048 ⁸⁸),
2014 1963 2062 2028 ita
2081 1969 2118 2030 ut
2138 1979 2221 2030 corn·

431 2073 576 2140 munibus
597 2069 764 2150 Anglosax.
785 2065 943 2132 vocabbus
970 2066 1070 2132 ubivis
1093 2066 1271 2134 substitutis
1298 2067 1430 2148 prodeat
1456 2085 1515 2134 vor
1543 2067 1598 2134 illa
1625 2067 1748 2150 poetica
1777 2067 1956 2136 earbltire
1984 2086 2064 2151 quae
2090 2069 2231 2138 multum

432 2177 557 2246 vexavit
576 2181 609 2240 et
625 2174 734 2240 ieiellit
754 2173 939 2254 interpretes
960 2177 993 2238 et
1013 2191 1062 2238 me
1080 2171 1184 2256 judioe
1204 2191 1359 2254 nusquam
1371 2171 1457 2238 aliud
1478 2171 1554 2254 quid
1574 2171 1738 2254 signifieat,
1759 2191 1853 2254 quam
1874 2175 2009 2258 sagittae
2032 2174 2147 2240 missae
2166 2175 2223 2240 irn-

431 2282 609 2370 petum³').
652 2280 710 2346 Cui
736 2277 904 2360 respondet
933 2277 1090 2360 gaifero
1118 2278 1308 2358 (lancearum
1337 2277 1500 2360 impetum)
1529 2279 1562 2342 in
1589 2277 1656 2343 loco
1679 2277 1835 2345 simillimo
1855 2279 2031 2362 Cynevulfi:
2065 2281 2112 2346 Ne
2134 2279 2227 2365 beeri

431 2394 497 2462 him
523 2389 704 2458 ondreedan
733 2385 834 2452 deotla
861 2386 995 2454 streelas
1016 2387 1108 2468 aenig
1135 2405 1176 2452 on
1202 2383 1318 2452 eordan
1346 2387 1569 2469 aurovones,
1600 2405 1756 2469 gromae
1789 2389 1958 2472 garrera,
1989 2390 2037 2472 gii
2062 2391 2134 2458 hine
2161 2391 2223 2472 god

433 2499 566 2581 ecilded,
590 2497 641 2564 Or.
665 2501 725 2562 nvo
746 2514 794 2578 sq,
816 2494 846 2560 h.
868 2513 895 2560 e.
918 2511 982 2560 non
1002 2499 1053 2560 est
1073 2493 1155 2576 quod
1176 2493 1289 2562 timeat
1308 2495 1431 2576 generis
1452 2493 1580 2562 bomani
1600 2498 1764 2578 quisquam
1786 2497 1819 2562 in
1840 2503 1926 2566 terre
1946 2499 2061 2566 diaboli
2080 2500 2224 2580 sagittae,

433 2610 568 2677 bostium
587 2606 766 2671 lancearum
786 2605 950 2687 impetum,
989 2601 1113 2670 sidens
1133 2619 1204 2668 eum
1225 2605 1373 2687 protegit.
1415 2604 1531 2672 Nostro
1560 2605 1627 2674 loeo
1656 2606 1784 2674 timendi
1812 2608 1899 2674 notio
1926 2608 2032 2676 dativo
2054 2608 2225 2678 adverbiali

433 2716 706 2801 egsanbrdgum
727 2711 787 2794 (pr.
806 2712 937 2778 terroris
957 2710 1156 2793 horroribus)
1181 2717 1274 2778 aucta
1296 2716 1362 2794 ιιι,
1391 2713 1460 2780 tota
1487 2713 1584 2794 igitur
1605 2714 1924 2798 inseruissemus
1945 2723 2085 2784 extrem
2105 2719 2226 2788 ineerta

433 2833 521 2910 arnt,
542 2825 738 2892 enuntietur:
766 2821 837 2888 Non
856 2822 950 2888 timeo
971 2821 1108 2902 sagittae
1129 2821 1280 2904 impeturn
1301 2821 1426 2902 pavoris
1447 2822 1643 2905 horroribus,
1657 2823 1733 2889 'etei
1757 2874 1764 2888 .
1789 2875 1796 2888 .
1819 2875 1826 2890 .

514 2932 704 3001 Adverbium
725 2931 811 3013 eujus
832 2935 970 2995 extrema
990 2949 1065 3012 pers
1085 2930 1119 2995 in
1141 2930 1271 2996 ultimae
1291 2928 1391 2996 bneae
1411 2931 1500 2996 initio
1521 2933 1686 3014 perspicua
1713 2937 1780 3015 est,
1815 2933 1949 3001 tortasse
1977 2941 2055 3002 erat·
2074 2936 2225 3005 lraoad·

434 3047 534 3116 lieae
554 3062 613 3128 pro
632 3039 797 3108 lraeodlioe
818 3039 972 3122 (intesta);
993 3045 1066 3122 post
1086 3040 1129 3110 ob
1151 3056 1309 3106 coorum
1330 3039 1382 3120 (ex
1402 3039 1575 3122 pharetris)
1592 3041 1715 3106 nonnisi
1736 3041 1798 3110 duo
1811 3043 1879 3108 iere
1898 3044 2048 3112 vocabule
2067 3047 2226 3128 perierunt

435 3157 491 3224 sed
512 3171 619 3222 eorum
640 3169 680 3216 ne
702 3149 866 3232 vestigium
887 3148 1011 3232 quidem
1032 3154 1082 3216 est
1099 3145 1271 3216 servatum.
1315 3148 1471 3232 Qudquid
1490 3149 1600 3232 tuerit,
1619 3148 1669 3216 bis
1689 3149 1808 3218 vultimis
1831 3152 1920 3228 ιιιιιιε
1941 3153 2020 3224 alius
2041 3154 2225 3234 aenigmatis

434 3263 505 3332 linis
527 3256 744 3328 continebatur
763 3275 857 3339 quum
875 3257 928 3339 qui
948 3261 999 3324 est
1016 3257 1049 3322 in
1071 3255 1176 3324 codiee
1193 3252 1373 3322 Exoniensi.
1548 3257 1551 3262 '

503 3617 653 3683 libidines.
679 3616 759 3684 lugd.
783 3615 847 3672 Cot
866 3615 940 3668 Voss.
969 3613 1023 3668 lot
1042 3613 1119 3667 tato
1139 3613 1199 3669 loeo
1222 3615 1400 3683 delineatio,
1435 3617 1491 3686 (ed.
1510 3615 1685 3672 Betbssonrns
1706 3619 1732 3672 in
1750 3617 1853 3688 iiooptii
1870 3617 1935 3687 pr.
1954 3616 1993 3683 tt,
2023 3619 2098 3687 tetii:
2132 3621 2226 3686 estole,

423 3709 643 3775 ,rnedildserm
665 3710 781 3764 similiter
800 3725 825 3777 p·
844 3708 1077 3774 taruannense
1098 3721 1120 3760 e
1138 3711 1277 3774 retrorsi,
1301 3718 1422 3774 osorto;
1442 3727 1468 3779 p.
1488 3711 1550 3765 tae:
1565 3711 1700 3781 ermbolg
1715 3729 1763 3780 pro
1783 3711 1935 3782 esrmbos33
1958 3729 1984 3780 p.
2003 3713 2066 3769 tea:
2100 3711 2223 3782 repleius

439 3803 622 3866 bessibus,
638 3818 696 3855 eum
716 3801 817 3872 glossae
835 3800 949 3856 bruxoll.
967 3801 1019 3853 232
1038 3799 1149 3853 babeant
1167 3801 1283 3865 hesrom,
1301 3801 1409 3855 ibidem:
1428 3803 1542 3858 eissillns
1562 3804 1753 3870 bserdbsess,
1796 3806 1865 3875 quod
1885 3807 1912 3858 ιιι
1930 3805 1966 3875 gl.
1983 3806 2038 3862 liri.
2056 3813 2095 3858 est
2113 3806 2227 3860 beard-

439 3899 511 3964 beui;
539 3911 564 3964 p.
589 3897 639 3949 138
658 3892 753 3947 incubo
777 3907 906 3947 msorse
929 3909 976 3962 pro
1002 3908 1100 3956 mesre,
1129 3901 1220 3961 etque:
1257 3893 1408 3948 lurunsolns
1426 3897 1560 3950 asseritis
1578 3911 1626 3965 pro
1646 3881 1734 3951 meere
1755 3901 1900 3966 (nostrums
1940 3898 2118 3966 dersflsrder)
2137 3897 2167 3952 ln
2186 3901 2226 3952 bis

439 3990 532 4060 glossis
545 3991 623 4058 igitur
639 3987 810 4056 diseropantis
827 3987 955 4042 eonstomi
971 3985 1039 4042 asa
1057 4001 1105 4054 pro
1122 3985 1326 4054 vulgaritatis.
1345 3989 1416 4058 quod
1435 3999 1519 4044 ortum
1539 3997 1583 4046 est·
1599 4005 1632 4043 ex
1651 3993 1714 4057 All,
1732 3993 1926 4060 pronuntiatum
1942 4001 1991 4046 est.
2054 4025 2055 4028 =
2180 4003 2184 4011 ·

508 4085 555 4150 37)
569 4083 673 4152 legitur
690 4083 804 4152 quinque
821 4080 885 4136 loeis
895 4095 998 4148 semper
1010 4079 1037 4132 in
1049 4094 1114 4132 osss.
1130 4077 1194 4142 obl..
1211 4079 1292 4134 werel
1311 4081 1341 4136 a
1360 4080 1398 4148 pl.
1418 4082 1639 4156 emesenorum
1664 4083 1709 4140 Gr.
1727 4085 1787 4146 262,
1810 4093 1902 4155 quater
1917 4084 2027 4152 mbos,
2046 4091 2073 4138 at
2088 4083 2168 4150 Ace,
2184 4085 2227 4138 bio

440 4163 536 4232 torsus:
554 4159 624 4245 burli
643 4173 789 4242 eorgisre
807 4171 858 4228 lul.
879 4174 943 4235 tot,
973 4171 1126 4224 esrbitro
1145 4181 1229 4224 aerest
1246 4175 1344 4226 metton
1363 4173 1393 4229 E.
1412 4173 1472 4238 116,
1491 4183 1517 4226 et
1535 4175 1619 4228 under
1636 4176 1794 4230 oorbltre
1816 4173 1959 4230 bonusnE.
1979 4177 2022 4242 44,
2040 4177 2096 4228 list.
2116 4176 2155 4230 in:
2175 4177 2227 4229 mid

441 4268 624 4322 eorbiored.
646 4267 722 4324 tota.
758 4266 800 4320 llis
819 4265 883 4319 loeis
903 4281 969 4318 nnus
986 4263 1076 4317 subest
1092 4265 1265 4317 nominativus
1286 4264 1435 4318 sorbisrn
1453 4282 1516 4334 gen.
1534 4265 1603 4332 ism„
1623 4283 1676 4320 non
1697 4268 1817 4323 obstsote
1839 4270 1946 4322 transitu
1966 4269 2065 4323 sooslis
2091 4269 2115 4322 Α
2142 4269 2228 4324 ints

441 4365 506 4430 qni,
535 4363 605 4432 qood
624 4360 738 4414 nondum
755 4357 919 4412 observaturo
938 4358 1004 4420 vidi,
1034 4357 1060 4408 in
1087 4354 1206 4408 omnibus
1232 4354 1358 4408 similibus
1377 4354 1464 4411 formis
1483 4357 1572 4412 looom
1590 4359 1677 4414 bsbet.
1712 4360 1788 4415 Unde
1810 4376 1905 4416 voeers
1919 4357 2004 4436 praru
2022 4361 2123 4428 (turbs)
2142 4364 2228 4415 nomi-

441 4475 517 4512 nasse
539 4454 666 4518 sullioiat,
705 4467 815 4524 quarum
844 4466 962 4518 compos.
988 4457 1027 4502 est
1054 4437 1210 4528 bolnsprsou
1235 4449 1266 4501 Α.
1286 4449 1356 4512 ton,
1388 4448 1449 4502 bino
1466 4453 1494 4504 ss
1512 4438 1664 4524 lolmlirleo
1682 4455 1772 4520 (Aac.)
1800 4455 1830 4508 Ε.
1848 4456 1914 4520 228,
1946 4465 1973 4510 et
1999 4455 2073 4524 juxto
2094 4435 2229 4521 dlubrscu

443 4550 548 4608 01117
567 4547 676 4615 legitor:
699 4553 725 4604 at
743 4525 904 4615 gtrbslooli.
922 4544 999 4598 1106.
1018 4541 1106 4595 Simile
1132 4549 1171 4595 est
1187 4543 1343 4595 stretmrscu
1362 4541 1391 4598 C.
1411 4543 1487 4607 1330,
1506 4545 1588 4598 unde:
1605 4531 1675 4617 port
1694 4549 1849 4600 stretmrttes
1869 4547 2002 4601 dicltorA.
2032 4546 2109 4600 2380.
2127 4545 2227 4600 Nomen

443 4647 511 4699 lsru
531 4643 621 4710 igitur,
654 4637 727 4704 eujus
746 4653 810 4690 esse.
839 4633 905 4692 otti.
921 4634 1000 4703 vulgo
1026 4633 1191 4701 iurarunt,
1227 4633 1336 4687 admittit
1352 4637 1379 4687 in
1399 4635 1438 4689 bis
1458 4639 1534 4689 etiam
1553 4637 1659 4692 formam
1679 4637 1759 4704 titre,
1791 4651 1876 4708 neque
1898 4637 2059 4707 probandam
2079 4647 2131 4705 est,
2158 4637 2230 4709 quod

443 4735 609 4792 Ettmnllerus
631 4735 657 4786 in
681 4729 734 4784 lex.
757 4747 782 4798 p.
800 4727 834 4786 23
856 4729 930 4796 juxta
955 4727 1074 4780 eorblsru
1098 4728 1176 4780 etism
1199 4728 1388 4782 nominativum
1409 4727 1513 4782 eariniltr
1534 4730 1644 4797 (diversi
1667 4733 1782 4800 generis)
1810 4733 1915 4799 posuit,
1954 4741 2060 4786 secutus
2089 4732 2138 4785 lise
2155 4733 2181 4786 ιιι
2202 4745 2230 4785 re

444 4829 592 4884 Grimmiuns
610 4827 642 4879 sd
659 4824 740 4882 Andr.
757 4840 782 4892 p.
802 4822 861 4876 124.
896 4821 959 4876 Nom
978 4823 1053 4874 etism
1072 4823 1146 4874 notio
1164 4823 1192 4873 in
1209 4820 1328 4875 omnibus
1347 4821 1413 4875 loeis
1431 4823 1522 4874 eodem
1539 4831 1593 4878 est:
1625 4825 1774 4891 saginarum
1797 4838 1889 4876 eamne
1907 4823 1953 4876 vel
1970 4825 2080 4892 impetus
2100 4823 2159 4891 (dss
2176 4825 2230 4878 lis·

443 4921 602 4988 beriabren).
620 4917 698 4972 ilecto
716 4933 772 4970 eom
791 4924 896 4972 secutus
912 4923 952 4967 est
969 4913 1086 4967 liteinins
1105 4915 1131 4966 ln
1151 4915 1271 4969 versione
1292 4915 1409 4968 locorum
1429 4915 1565 4983 Gynevnlli
1588 4915 1729 4979 dictorum,
1757 4916 1834 4968 modo
1854 4915 1885 4968 ll.
1902 4917 1936 4968 44
1960 4917 2060 4969 under
2087 4917 2230 4970 esrblltre

445 5013 590 5084 signiticsre
608 5013 674 5074 vult:
694 5011 774 5063 dorob
793 5009 843 5062 den
861 5006 965 5061 Umlnui
982 5008 1028 5060 der
1046 5003 1206 5076 ileerpieils,
1234 5007 1303 5078 qood
1324 5009 1469 5076 praeiverat
1488 5007 1632 5064 Grimmius.
1667 5008 1719 5060 Sed
1738 5010 1813 5061 etism
1831 5005 1970 5072 hocloco,
2003 5007 2048 5062 ubi
2070 5008 2162 5062 milites
2187 5008 2230 5061 di·

446 5116 540 5160 euntur
557 5107 659 5160 evocari
678 5103 709 5158 sd
729 5118 857 5172 pugium,
876 5102 1005 5168 aptissime
1021 5101 1151 5167 jungitur:
1173 5098 1222 5151 snb
1241 5097 1350 5152 telorum
1370 5102 1501 5168 impeturn.
1536 5101 1689 5168 Saepissime
1709 5103 1776 5152 enirn
1796 5116 1811 5154 s
1829 5103 1912 5168 poetis
1930 5116 2033 5170 pugnae
2051 5105 2122 5156 notio
2143 5118 2231 5156 sunno·

447 5217 501 5254 rum
521 5201 679 5269 rogitatione
697 5197 882 5265 amplificator,
917 5202 960 5246 ut:
993 5201 1123 5246 certamen
1143 5190 1190 5244 sub
1209 5191 1289 5262 golein
1309 5192 1337 5246 Β.
1355 5193 1431 5248 2049.
1450 5195 1527 5248 2539.
1546 5193 1604 5249 too.
1624 5193 1690 5257 203;
1709 5192 1758 5246 sub
1777 5194 1855 5248 scutis
1873 5193 1903 5246 B.
1922 5196 2000 5258 2203,
2019 5195 2050 5250 Ε.
2069 5197 2128 5260 652,
2148 5195 2229 5250 Eroti.

446 5293 515 5357 228,
534 5291 582 5346 snb
599 5291 695 5345 isoeeis
715 5289 746 5345 n.
764 5289 832 5345 laet
848 5297 875 5342 et
891 5295 1082 5357 consequenter
1099 5285 1194 5339 vexillo
1210 5287 1345 5355 suguntur
1363 5301 1442 5355 super
1459 5287 1605 5342 lsoossmm
1630 5289 1752 5354 impetum
1772 5287 1842 5354 (oter
1856 5286 1970 5356 risisse)
1987 5287 2017 5344 0.
2037 5289 2114 5344 3222.
