5192 6636
432 820 486 890 nbi
506 819 688 897 inutraque
712 816 802 876 textu
829 807 947 889 anglos.
974 805 1067 889 primi
1094 804 1185 870 latini
1212 820 1320 869 versus
1345 801 1484 884 epitheta
1513 803 1553 869 ad
1580 819 1675 868 unam
1703 801 1846 869 tellurem
1876 801 1986 884 (vong)
2013 800 2115 867 relata
2139 805 2221 880 aunt,

436 925 544 992 addita
573 920 613 986 ad
640 917 824 1002 explendum
842 914 1010 981 secundum
1032 930 1156 979 versum
1176 929 1251 977 voce
1269 911 1414 994 primitus
1430 909 1572 992 (aerest),
1602 911 1635 975 in
1654 915 1788 992 utmqne
1809 929 1838 975 v.
1856 913 1875 974 2
1896 907 1980 975 Non
2007 927 2088 976 surn
2116 907 2131 973 1
2137 914 2222 976 acta

434 1035 588 1098 mutatum
608 1026 709 1092 estin
730 1023 815 1088 baud
836 1023 899 1087 scio
920 1037 971 1088 me
984 1020 1109 1099 iactam,
1129 1019 1163 1084 in
1171 1021 1307 1100 'utroque
1327 1022 1506 1098 separatum
1527 1024 1577 1082 est
1598 1017 1767 1097 setigero
1787 1033 1808 1082 a
1828 1016 1951 1082 nomine
1971 1033 2037 1096 suo,
2058 1017 2091 1079 et
2113 1011 2224 1094 ampli·

435 1136 562 1206 deatum
583 1132 625 1200 ad
642 1151 756 1197 nomm
777 1147 918 1208 versum,
955 1128 988 1192 iu
1008 1131 1139 1207 unoque
1160 1145 1189 1190 v.
1212 1129 1232 1188 3
1251 1124 1426 1190 liciorum
1445 1124 1531 1188 notio
1552 1124 1585 1188 in
1606 1123 1684 1189 duas
1706 1122 1797 1198 (velie
1819 1129 1852 1187 et
1872 1125 1981 1204 vearp)
2001 1123 2104 1188 soluta
2124 1124 2181 1184 001.

533 1243 583 1308 Ex
606 1239 733 1324 reliquis
759 1236 926 1304 observatu
954 1233 1168 1314 dignissimrnn
1195 1235 1260 1310 001,
1296 1230 1379 1313 quod
1408 1235 1542 1312 utraque
1572 1229 1737 1295 translatio
1758 1229 1889 1295 eundern
1909 1228 2050 1294 ordinem
2077 1231 2224 1292 versuum

437 1350 542 1432 habet,
564 1345 773 1414 discedentem
792 1342 832 1408 ab
853 1340 961 1407 ordine
982 1339 1071 1404 latini
1092 1337 1247 1402 Aldbehni
1272 1341 1377 1404 textum
1397 1337 1532 1418 vulgati,
1559 1336 1612 1418 qui
1632 1341 1665 1402 et
1686 1337 1719 1402 in
1738 1337 1843 1404 codice
1863 1335 1924 1402 boc
1944 1333 2142 1418 Lugdrmeusi
2162 1335 2224 1398 at:

810 1455 832 1514 4
851 1465 907 1513 nec
927 1463 1036 1512 crocea
1056 1445 1147 1512 Seres
1168 1449 1279 1508 texunt
1298 1443 1445 1523 lanugine
1466 1461 1597 1524 vermes,
1654 1431 1660 1442 '

813 1560 831 1620 5
854 1572 911 1619 nec
928 1552 1026 1617 radiis
1048 1569 1174 1632 carpor,
1205 1550 1283 1614 duro
1305 1568 1362 1615 nec
1382 1551 1504 1631 pectine
1523 1549 1646 1631 pulsor:

812 1666 831 1725 6
853 1666 885 1724 01
906 1665 1011 1724 tamen
1032 1675 1071 1722 en
1091 1656 1188 1721 vestis
1207 1655 1292 1736 vulgi
1311 1673 1453 1722 sermone
1473 1655 1617 1722 vocabor.
1650 1688 1653 1698 ·

439 1776 472 1844 in
502 1773 642 1840 versione
668 1766 906 1850 anglosaxonica
932 1783 962 1830 v.
993 1769 1010 1828 5
1039 1767 1113 1828 ante
1138 1781 1166 1826 v.
1188 1766 1209 1827 4
1234 1777 1398 1846 expressus
1426 1767 1489 1844 est,
1525 1762 1634 1843 qrduto
1655 1761 1754 1828 latino
1774 1763 1856 1829 enim
1877 1763 2027 1845 septimus
2048 1765 2080 1828 et
2100 1766 2229 1827 octavus

442 1898 550 1948 versus
572 1877 712 1959 anglicus
734 1872 942 1955 respondent,
979 1873 1091 1951 quarto
1121 1873 1226 1934 autem
1245 1867 1344 1934 latino
1372 1885 1471 1938 nouus
1493 1867 1627 1952 Vyrruas
1656 1887 1723 1936 mec
1749 1871 1783 1936 ni
1810 1868 1941 1936 avaeiun
1970 1887 2039 1934 cum
2068 1873 2227 1950 sequente.

441 1987 553 2055 Procul
574 1984 658 2050 ornni
675 1982 766 2046 dubio
786 1997 881 2062 penes
908 1977 1081 2042 versionem
1103 1973 1222 2056 anglos.
1245 1992 1340 2040 sanus
1366 1981 1416 2040 001
1442 1975 1535 2056 ordo,
1562 1975 1601 2050 10
1621 1976 1750 2057 vulgato
1766 1981 1862 2058 ,textu
1889 1974 1988 2040 latino
2017 1974 2230 2056 perturbatus,

443 2094 543 2179 qualis
564 2087 759 2156 nullomodo
782 2086 822 2151 ab
843 2083 1004 2149 Aldhelmo
1024 2083 1092 2165 ipso
1112 2079 1282 2164 profiscisci
1301 2081 1420 2163 potuit,
1454 2099 1528 2148 nam
1556 2081 1638 2164 quod
1666 2100 1788 2148 vermes
1814 2088 1920 2148 texere
1940 2079 2147 2147 credebantur
2166 2097 2229 2147 000

443 2201 539 2267 tiebat
567 2195 663 2262 radiis
684 2198 717 2259 et
736 2193 867 2275 pectine.
909 2189 1041 2272 Utrique
1062 2189 1159 2270 igitur
1179 2187 1313 2252 versioni
1340 2187 1450 2254 melior
1476 2187 1571 2268 codex
1592 2189 1749 2256 Aldhelmi
1775 2189 1927 2272 subiacet,
1954 2205 2013 2270 par
2033 2205 2108 2268 ergo
2136 2186 2232 2253 etiarn

445 2312 495 2374 est
515 2308 665 2370 vetustas.

543 2409 714 2488 Pleraeque
752 2409 857 2470 autern
888 2401 1047 2483 graviores
1078 2401 1276 2466 diversitates
1311 2400 1358 2466 ita
1392 2404 1467 2466 sunt
1490 2405 1710 2482 comparatae,
1747 2405 1795 2468 ut.
1815 2399 1941 2473 consilio
1972 2399 2074 2466 iactae
2106 2415 2232 2465 manum

445 2517 607 2600 scriptoris
626 2512 842 2580 emendantem
863 2508 1075 2588 secundasque
1094 2523 1186 2572 curas
1207 2505 1358 2588 prodant,
1385 2505 1451 2572 sine
1470 2505 1565 2572 dubio
1586 2507 1670 2572 enim
1692 2505 1910 2588 Lugdunensis
1929 2511 2034 2572 textus
2056 2505 2234 2589 primitivus

447 2631 512 2705 est,
543 2641 613 2690 curn
634 2619 772 2684 strictius
793 2616 925 2682 latinum
947 2618 1111 2694 sequatur,
1147 2631 1176 2677 v.
1200 2618 1219 2677 7
1239 2629 1290 2697 me
1311 2607 1422 2678 scellab
1443 2630 1500 2693 pro
1520 2611 1618 2682 latino
1640 2630 1770 2696 carpor,
1798 2633 1827 2678 v.
1851 2617 1889 2680 13
1911 2611 1952 2678 in
1974 2631 2117 2695 onoegun
2135 2612 2165 2680 ic
2186 2629 2236 2679 me

448 2730 587 2812 brigiam
609 2733 643 2794 et
663 2725 719 2791 rel.
740 2739 868 2805 prorsus
890 2724 926 2785 ut
944 2719 1039 2784 babet
1060 2717 1187 2784 rdtimus
1208 2735 1316 2784 versus
1335 2717 1452 2784 latinus

826 2832 844 2891 7
867 2825 991 2908 Spicula
1012 2842 1075 2891 nou
1097 2843 1206 2890 vereor
1225 2824 1327 2905 longis
1349 2828 1471 2890 exemta
1491 2823 1656 2904 pharetris.
1862 2887 1866 2900 ,

449 2946 560 3010 contra
579 2935 763 3002 Exoniensis
781 2939 886 2998 textus
906 2931 1075 2997 correctior
1095 2935 1129 2996 et
1150 2931 1291 3014 liberior,
1325 2930 1572 2996 emendationem
1592 2931 1688 2998 etiarn
1708 2931 1792 3013 sapit
1814 2931 1921 3012 ineo,
1953 2932 2035 3014 quod
2055 2951 2164 3000 versus
2185 2933 2238 3000 ille

449 3047 567 3115 ultimis
587 3044 719 3110 omissus
739 3045 801 3121 cst,
840 3042 949 3120 utpote
968 3055 1029 3118 quo
1057 3036 1169 3102 solutio
1191 3037 1375 3119 aenigmatis
1395 3037 1488 3102 nimis
1510 3034 1609 3104 facilis
1629 3035 1820 3104 redderetur.
1862 3037 2065 3121 Cynevulbrs,
2101 3041 2154 3122 qui
2175 3039 2239 3104 Ex·

450 3149 623 3220 oniensium
643 3153 692 3214 001
711 3150 835 3226 auctor,
856 3161 963 3208 versus
982 3139 1076 3206 finem
1097 3142 1310 3224 descriptionis
1331 3159 1398 3208 ram
1424 3160 1514 3209 suam
1532 3144 1633 3224 magis
1654 3143 1844 3226 abscondere
1861 3161 1957 3226 qnam
1977 3145 2108 3227 prodere
2129 3145 2219 3213 00101.

553 3255 643 3336 Quod
663 3255 691 3320 si
710 3253 779 3335 quis
801 3249 1040 3329 existimaverit,
1062 3249 1234 3314 versionem
1257 3248 1380 3330 quidem
1402 3247 1531 3314 eandem
1552 3266 1637 3330 esse,
1665 3249 1903 3332 Lugdunensem
1916 3257 2030 3343 autem
2050 3271 2070 3318 a
2089 3253 2238 3336 prisciore

453 3367 547 3450 poeta
569 3359 788 3444 compositam,
816 3372 945 3438 eamque
965 3355 1072 3436 paucis
1093 3355 1222 3419 mutatis
1244 3373 1264 3420 a
1287 3353 1456 3437 Cynevrdfo
1477 3355 1509 3420 in
1532 3371 1624 3421 snum
1642 3374 1733 3420 usum
1755 3375 1937 3422 conversam
1959 3365 2108 3439 000001
2133 3359 2179 3426 ita
2208 3360 2241 3426 in

454 3469 666 3540 collectionem
692 3463 898 3529 Exoniensem
924 3460 1103 3542 transiisse,
1139 3461 1167 3525 ei
1194 3459 1328 3543 primurn
1355 3445 1604 3543 respondendnm
1628 3467 1693 3544 est,
1725 3467 1792 3526 tam
1819 3461 1933 3548 insigni
1959 3447 2065 3546 poeta
2080 3463 2241 3548 iudignum

454 3575 566 3656 fuisse,
586 3592 650 3638 non
670 3570 834 3656 materiam
856 3568 897 3633 ad
919 3583 1045 3632 carmen
1067 3565 1322 3633 conformandrun
1341 3565 1466 3632 aliunde
1487 3585 1625 3648 sumere,
1659 3571 1694 3632 at
1714 3571 1816 3658 totam
1829 3567 2112 3636 conformationem
2135 3577 2167 3638 et
2189 3588 2243 3637 ex·

456 3681 641 3767 pontionem
661 3678 815 3762 poeticam
833 3675 932 3756 ipsam
952 3674 992 3742 ab
1013 3673 1074 3768 alio
1089 3676 1231 3738 mutuare
1252 3679 1284 3738 et
1305 3673 1491 3739 verbotenus
1513 3674 1734 3757 transcribere,
1754 3672 1866 3741 deinde
1886 3694 1960 3740 vero
1981 3677 2076 3742 etiam
2090 3676 2245 3762 ¹disertius

456 3787 593 3856 auctoris
621 3782 768 3849 indicium
795 3785 922 3862 praesto
951 3783 1008 3845 est.
1051 3777 1194 3846 Secunda
1222 3780 1304 3844 enirn
1334 3780 1460 3845 fortuna
1488 3778 1697 3860 factumest,
1732 3786 1770 3848 ut
1796 3782 1830 3848 in
1856 3801 1955 3864 parva
1983 3784 2037 3849 illa
2060 3784 2247 3866 aenigmatis

457 3893 611 3973 clausula,
643 3889 746 3955 textui
766 3886 934 3969 antiquiori
955 3885 1117 3969 peculiari,
1147 3885 1224 3949 satis
1253 3884 1427 3951 documenti
1456 3886 1497 3950 sit
1524 3905 1581 3967 pro
1610 3885 1731 3953 dicendi
1755 3908 1815 3953 usu
1837 3881 1997 3972 Cpnevulii
2026 3877 2246 3972 cognoscendo.

460 3998 649 4081 Compositio
671 3997 754 4061 enim
774 4011 913 4076 egesan
934 3993 1105 4073 brbgnm,
1127 3996 1253 4073 praeter
1269 3993 1531 4074 exspectationem
1552 3993 1584 4057 in
1599 3998 1691 4060 tanta
1705 3996 1864 4061 notionum
1878 3996 2078 4062 similitudine
2091 4001 2247 4079 suscepta,

462 4103 622 4191 Canevulfi
644 4100 858 4169 consuetudini
878 4098 1054 4182 respondet,
1077 4099 1131 4179 qui
1151 4097 1246 4163 habet
1266 4105 1298 4164 01
1317 4099 1530 4182 grprebrbgan
1552 4099 1603 4167 Gr.
1619 4103 1679 4166 849
1699 4107 1731 4166 01
1752 4100 1850 4183 briga
1870 4101 1983 4183 egeslic
2006 4102 2044 4168 G.
2065 4107 2134 4185 122,
2154 4108 2249 4184 atqua

462 4212 545 4298 quod
572 4209 789 4290 gravissimum
818 4211 883 4286 est,
912 4223 973 4270 vox
1000 4203 1184 4269 earhlaru
1212 4223 1364 4287 nusquam
1393 4205 1453 4270 nisi
1482 4207 1564 4288 apud
1591 4205 1795 4292 Cynevulfnm
1820 4208 1994 4292 invenitur,
2027 4211 2115 4294 cnjus
2143 4227 2250 4281 omnes

464 4325 538 4388 sunt
559 4317 694 4399 quinque
717 4313 772 4377 isti
793 4310 853 4377 loci
875 4328 970 4392 snpra
993 4311 1143 4376 nominati
1160 4310 1270 4393 quibus
1292 4313 1495 4397 occurrit⁸⁰).

560 4423 783 4502 Fragmentum
807 4417 904 4498 igitur
927 4415 1135 4496 Lugdunense
1166 4435 1185 4484 a
1213 4416 1411 4484 celeberrimo
1432 4417 1486 4486 ilio
1507 4425 1600 4502 poeta
1622 4420 1779 4502 origenem
1800 4420 1927 4502 ducere,
1963 4423 2048 4487 exitu
2067 4398 2251 4503 aenigmatis

464 4534 503 4599 ab
523 4527 692 4600 Exoniensi
714 4529 802 4590 textu
824 4524 924 4589 alieno
944 4541 1007 4588 non
1035 4523 1231 4605 prohibetur,
1262 4523 1322 4588 imo
1350 4525 1565 4605 continuatur,
1595 4527 1796 4610 omnibusque
1823 4546 1903 4610 quae
1930 4527 2086 4610 bucusque
2111 4529 2252 4610 exposita

464 4644 538 4706 sunt
560 4633 709 4711 efficitur,
732 4649 794 4695 000
816 4630 886 4694 01011
907 4627 956 4695 hic
978 4631 1068 4695 nnius
1090 4635 1194 4695 textus
1216 4627 1276 4694 dno
1298 4631 1420 4697 diversa
1441 4629 1646 4714 exemplaria,
1670 4634 1779 4700 scribis
1799 4635 1980 4714 immutata,
2001 4651 2081 4716 quae
2101 4635 2183 4699 ratio
2204 4640 2253 4701 001

463 4748 546 4812 iuter
568 4741 709 4820 aenigma
732 4736 843 4818 duplex
864 4735 1053 4802 tricesimum
1076 4734 1150 4801 Cod.
1172 4735 1229 4800 Ex.
1251 4755 1280 4818 p.
1305 4741 1364 4802 412
1386 4745 1418 4803 et
1439 4743 1516 4819 470,
1538 4727 1592 4803 sed
1614 4738 1767 4804 diversam
1789 4745 1893 4805 textus
1917 4739 2191 4806 conlonnatiouem
2212 4741 2252 4808 ab

466 4853 593 4918 auctore
613 4844 738 4910 factam.

551 4954 640 5020 Nova
661 4953 766 5014 antem
789 4954 891 5013 textus
913 4947 1073 5029 utriusque
1094 4945 1269 5013 differentia
1291 4955 1339 5016 est
1360 4950 1393 5016 in
1413 4951 1615 5033 grammatico
1637 4950 1763 5032 linguae
1792 4951 1916 5033 habitu,
1947 4953 2154 5035 Lugdunense
2174 4956 2255 5022 enim

466 5064 691 5144 fragmentum,
724 5057 788 5120 sive
815 5054 940 5136 scriptio
969 5055 1033 5119 sive
1061 5057 1644 5136 000000010000001101100100110010
1670 5053 1845 5140 spectetur,
1879 5059 2058 5142 antiquiora
2086 5059 2197 5144 habet,
2224 5069 2256 5129 et

536 5209 1085 5281 111101.0010370160001110000111
1110 5208 1235 5262 laudatus.
1270 5209 1365 5262 Nnrilibi
1389 5210 1484 5280 iegirnr
1511 5213 1578 5281 apud
1604 5211 1793 5277 Cacdmonem,
1825 5229 1911 5284 neque
1934 5215 1995 5268 lerri
2019 5225 2104 5284 polest
2128 5219 2190 5283 ici,
2223 5221 2255 5273 le

466 5318 506 5383 (in
526 5311 620 5365 Greinii
640 5304 753 5360 editione
769 5304 850 5357 Exod.
873 5319 897 5356 v.
917 5305 963 5370 66)
983 5303 1026 5357 ubi
1046 5304 1227 5358 Ettrnuchruc
1246 5305 1374 5374 quondam
1399 5307 1470 5368 (Lex.
1490 5321 1514 5374 p.
1535 5307 1580 5370 23)
1600 5305 1749 5372 conjectura
1768 5307 1932 5361 introducere
1951 5307 2041 5365 voluit.
