5192 6636
523 637 576 719 24

606 845 740 912 Maxime
761 847 865 908 numm
886 859 957 908 cum
980 859 1038 908 usu
1059 842 1307 926 northumbriae,
1331 842 1465 910 romae
1484 847 1592 908 amen
1611 839 1755 908 nmverso
1783 837 1867 908 ultra
1887 837 2055 906 samniam
2081 839 2204 922 anglino
2233 857 2308 910 con·

528 955 656 1020 vernant
675 950 761 1031 haec,
782 949 917 1032 primum
939 948 1030 1016 flexio
1051 950 1184 1016 nominis
1204 947 1276 1016 corb
1290 969 1318 1016 v.
1343 954 1381 1015 12
1395 950 1443 1016 in:
1463 949 1530 1015 olcr
1550 944 1672 1014 eordn
1689 965 1747 1030 pro
1760 943 2016 1028 sulgndeorban,
2035 959 2116 1028 quae
2127 951 2308 1016 constanter

523 1059 677 1126 retinetur
697 1056 729 1122 in
750 1073 861 1138 evang.
883 1057 986 1122 north.
1007 1062 1058 1122 nt:
1082 1077 1122 1122 on
1145 1055 1184 1122 ba
1203 1055 1298 1123 eorbn
1318 1056 1389 1122 Joh.
1410 1062 1439 1138 9,
1460 1060 1489 1138 6,
1509 1055 1576 1120 ofer
1596 1051 1692 1120 eorda
1714 1053 1773 1120 Mt.
1790 1058 1838 1134 lb,
1854 1057 1912 1120 35.
1936 1057 1983 1134 lb,
2007 1058 2062 1135 193
2083 1071 2177 1136 porro
2198 1054 2309 1120 literae

524 1165 553 1230 N
576 1163 709 1246 abJectio
731 1162 764 1228 in
784 1161 936 1228 infinitivo
957 1179 1101 1246 cnyssa
1122 1182 1151 1228 ι.
1174 1167 1203 1242 8,
1225 1181 1305 1245 quac
1325 1163 1359 1228 in
1374 1161 1495 1244 Evang.
1517 1159 1579 1227 illis
1600 1160 1758 1226 sollemnis
1780 1167 1838 1241 cst,
1859 1159 1981 1226 obtinet
2003 1159 2098 1226 etiam
2119 1160 2152 1226 in
2172 1159 2306 1228 dialecto

522 1272 697 1354 glossarum
743 1267 997 1351 Epinalensium,
1048 1287 1068 1333 a
1115 1269 1238 1350 vulgari
1295 1274 1400 1336 autem
1453 1268 1600 1334 saxomca
1660 1265 1762 1332 aliena
1816 1272 1880 1348 ast;
1936 1267 2033 1332 tertia
2082 1265 2213 1332 doenda
2259 1271 2310 1332 est

524 1377 626 1445 forma
647 1375 884 1458 praepositionis
905 1375 979 1455 mid,
998 1393 1078 1457 qnae
1098 1396 1127 1441 v.
1152 1379 1190 1440 12
1211 1382 1260 1442 est
1280 1374 1391 1455 mith,
1412 1391 1491 1456 quaa
1511 1373 1604 1440 unica
1623 1377 1656 1438 et
1679 1371 1928 1454 northumbriae,
1956 1379 1990 1438 et
2015 1372 2109 1455 gloss.
2131 1372 2223 1438 modo
2246 1371 2310 1440 dic·

524 1491 637 1564 tarsun,
655 1484 688 1549 in
709 1482 821 1564 quibus
841 1480 926 1546 midh
947 1482 1110 1565 scribitur,
1132 1484 1249 1548 summi
1270 1482 1402 1564 deniqne
1423 1480 1571 1546 momenti
1592 1484 1657 1560 est,
1685 1479 1768 1561 quod
1795 1485 1927 1561 unoque
1954 1478 2022 1546 loco
2046 1477 2307 1562 praepositionem

524 1589 605 1658 burh
625 1589 805 1654 continente
827 1589 942 1653 vocalis
965 1588 1032 1670 ejus
1054 1589 1270 1670 antiquissima
1289 1587 1317 1652 E
1339 1587 1457 1670 scripta
1477 1591 1540 1668 est,
1570 1603 1599 1651 v.
1628 1591 1648 1652 t
1677 1583 1788 1667 berh,
1814 1585 1924 1650 melius
1952 1585 2048 1652 ctiam
2075 1605 2105 1652 v.
2135 1589 2154 1650 b
2182 1583 2309 1666 berib,

525 1696 744 1764 convenienter
767 1693 886 1759 formae
915 1693 1056 1775 gothicae
1083 1694 1214 1774 thairih,
1250 1693 1501 1760 northumbricae
1530 1692 1613 1758 enim
1642 1689 1774 1758 dialecto
1802 1690 1967 1774 penitioris
1993 1697 2043 1758 est
2070 1691 2171 1758 lorma
2199 1691 2310 1777 derb,

526 1821 582 1886 pro
604 1819 667 1883 qna
687 1799 846 1866 rarissime
866 1799 982 1880 legitur
1004 1797 1095 1882 dorla,
1116 1801 1193 1866 haec
1214 1803 1319 1866 autem
1340 1815 1419 1882 quac
1440 1797 1575 1865 medinm
1596 1797 1698 1864 locum
1718 1797 1840 1866 obtinet
1866 1799 1949 1866 inter
1976 1794 2062 1864 illam
2087 1804 2121 1864 et
2149 1797 2310 1882 vulgarem

527 1907 614 1990 durh,
636 1925 759 1989 semper
783 1907 816 1970 in
837 1905 878 1987 gl.
900 1905 990 1989 Epin.
1013 1907 1136 1988 legitur,
1159 1907 1276 1989 scripta
1298 1904 1392 1971 thoth
1409 1904 1459 1970 vel
1478 1903 1597 1971 thorun

608 2015 719 2095 Itaque
739 2031 808 2080 cum
828 2012 951 2093 linguae
973 2013 1175 2078 conformatio
1197 2013 1230 2078 in
1251 2012 1425 2094 magmenta
1447 2009 1649 2092 Lugdunensi
1668 2009 1709 2074 ad
1731 2009 1998 2092 Sepentsionnlsm
2026 2009 2165 2094 aliquam
2196 2005 2310 2081 dialecss

555 2120 844 2202 superdueam),
872 2118 979 2200 agnito
998 2120 1064 2202 ejus
1084 2123 1211 2186 anctore
1240 2119 1395 2202 seqmtnr,
1421 2121 1479 2184 aut
1505 2117 1611 2183 omnia
1637 2116 1704 2198 ejus
1732 2133 1827 2198 opera
1856 2115 2012 2182 translata
2038 2133 2107 2183 esse
2135 2135 2175 2184 ex
2200 2118 2256 2186 illa
2277 2121 2311 2188 in

527 2226 698 2294 australem
718 2241 926 2306 communem,
956 2243 1018 2307 qna
1039 2226 1157 2308 scripta
1177 2243 1259 2292 nunc
1278 2225 1441 2307 legsmtnr,
1466 2228 1522 2290 aut
1549 2222 1694 2304 aenigma
1714 2221 1921 2303 Lugdunense
1949 2222 2110 2304 antiquam
2138 2226 2312 2294 versionem

527 2351 597 2400 esse
619 2350 657 2398 ex
679 2331 801 2414 vulgari
821 2330 955 2397 asrstrali
978 2330 1111 2398 dialecto
1134 2331 1387 2412 anglosaxonica,
1415 2329 1498 2412 qnod
1518 2328 1595 2394 mihi
1616 2327 1743 2410 qnidam
1769 2327 1960 2410 probabilius
1996 2328 2136 2412 videtur,
2165 2333 2311 2414 qnoniam

527 2441 706 2522 aenigmata
734 2436 895 2520 Cynevulfi
923 2457 985 2503 non
1014 2437 1195 2504 eruditionis
1221 2439 1354 2518 tractans,
1381 2435 1437 2502 sed
1462 2435 1509 2500 ira
1537 2437 1610 2500 snnt
1636 2435 1789 2500 communi
1825 2435 1930 2500 sensui
1958 2439 2036 2518 apta
2063 2439 2097 2502 et
2123 2437 2191 2505 sine
2218 2437 2310 2507 dubio

529 2545 692 2631 popularia
715 2543 855 2626 nerunt,
878 2548 970 2610 ntea
990 2544 1186 2626 potissimum
1206 2543 1248 2608 ad
1268 2559 1375 2609 omnes
1402 2535 1517 2624 populi
1533 2539 1709 2624 provincias
1734 2545 1858 2606 mature
1886 2541 2042 2608 translata
2069 2559 2138 2610 esse
2166 2544 2311 2612 credibile

529 2655 581 2735 sit,
603 2652 720 2718 trustra
740 2655 844 2716 numm
864 2649 898 2714 in
920 2649 1032 2715 ceteris
1054 2648 1213 2732 operibus,
1241 2649 1269 2715 si
1289 2649 1447 2716 versiones
1467 2650 1589 2728 essent,
1618 2653 1803 2729 argumenta
1830 2651 1864 2714 et
1891 2649 1982 2730 quasi
2010 2646 2160 2730 reliquiae
2187 2649 2312 2722 dialecti

528 2755 781 2841 septentrionalis
801 2760 1000 2837 quaenmtnr.
2028 2775 2032 2784 ·
2051 2759 2056 2766 '

609 2861 680 2930 Non
700 2865 805 2928 autem
827 2861 927 2926 solnm
949 2861 1006 2926 hoc
1024 2859 1180 2942 singulum
1199 2860 1343 2942 aenigma
1365 2857 1498 2926 dialecto
1518 2859 1641 2942 anglica
1653 2863 1838 2942 conceptum
1858 2859 1962 2942 inisse,
1982 2860 2055 2927 inde
2077 2861 2231 2929 versimile
2252 2867 2311 2946 est,

530 2969 613 3054 qnod
633 2967 737 3035 scribe
756 2965 920 3032 manifeste
940 2965 974 3032 id
994 2985 1058 3032 non
1077 2967 1143 3048 ipse
1162 2965 1370 3033 transtulerat
1388 2971 1445 3032 aut
1466 2985 1505 3032 ex
1524 2966 1673 3031 memoria
1694 2966 1836 3048 scripsit,
1855 2965 1900 3033 sic
1920 2967 2003 3032 enim
2023 2985 2052 3034 v.
2077 2971 2096 3034 3
2116 2985 2178 3035 non
2198 2973 2308 3036 contm

531 3075 720 3144 sententiam
738 3077 907 3155 peccasset,
930 3071 986 3138 sed
1001 3091 1039 3137 ex
1058 3072 1119 3136 alio
1134 3073 1309 3154 antiquiore
1330 3072 1434 3138 codiee
1448 3071 1571 3154 anglica
1585 3073 1765 3139 continente
1787 3057 2011 3156 transscripsit,
2031 3073 2112 3156 qnod
2133 3073 2190 3140 hoc
2209 3075 2307 3155 potis·

531 3184 644 3250 simum
666 3178 881 3246 llldhelmiano
902 3177 1071 3258 aenigmati
1094 3177 1281 3260 respondere
1301 3179 1446 3260 sentiret,
1470 3178 1504 3244 in
1525 3177 1769 3244 transcribendis
1798 3183 1904 3246 summ
1927 3178 2098 3246 remaculis
2124 3175 2308 3259 (biuorthae,

533 3291 613 3372 dret,
632 3285 781 3367 hlimmid,
802 3283 935 3366 hadrae)
956 3289 992 3349 ut
1013 3289 1045 3348 et
1066 3283 1099 3348 in
1120 3283 1227 3350 latinis
1249 3290 1300 3350 sat
1320 3284 1420 3350 multa
1440 3284 1647 3351 hallucinatus
1668 3288 1726 3350 est.

613 3392 778 3474 Reliquum
797 3397 846 3456 est
865 3395 902 3456 nt
914 3391 1112 3453 dnaanasrs
1122 3406 1233 3452 anans
1252 3388 1396 3456 subtilius
1419 3389 1593 3472 indagetur,
1616 3408 1678 3472 qua
1694 3407 1728 3454 re
1740 3388 1773 3454 in
1787 3388 1871 3454 omni
1882 3387 1941 3454 hac
1964 3389 2144 3471 qmanona
2157 3389 2243 3456 nulla
2259 3395 2310 3456 est

535 3499 670 3584 gratior.
711 3497 887 3577 Antequam
908 3495 1066 3574 cognitum
1087 3499 1177 3574 esset,
1199 3494 1273 3574 qnid
1293 3499 1326 3558 et
1346 3495 1456 3576 quanti
1476 3499 1561 3560 esset
1581 3494 1640 3560 boc
1660 3493 1756 3576 spatii
1775 3494 1866 3560 vacui
1885 3494 2158 3580 complementum,
2178 3495 2313 3562 codicem

535 3603 639 3690 quiid
654 3601 800 3682 continet,
821 3606 855 3666 at
876 3597 1032 3665 saeculum
1054 3616 1169 3663 nonum
1190 3597 1290 3664 relere
1310 3597 1523 3666 Bethmannus
1544 3599 1565 3665 l.
1585 3600 1606 3664 l.
1624 3617 1687 3664 non
1704 3598 1869 3678 dubitavit.
1898 3601 1994 3666 Recte
2015 3600 2047 3666 id
2067 3619 2138 3670 eum
2157 3603 2316 3684 statuisse,

536 3711 709 3794 scriptumne
732 3704 900 3788 specimina
921 3705 954 3770 in
974 3703 1082 3770 tabula
1110 3721 1231 3770 annexa
1252 3710 1327 3772 ante
1347 3704 1452 3772 mallos
1472 3705 1576 3788 posita
1595 3705 1745 3788 probant,
1772 3722 1902 3787 quorum
1922 3705 1956 3772 in
1983 3711 2131 3788 unoque,
2159 3713 2195 3775 nt
2220 3725 2315 3775 mrum

536 3816 627 3886 modo
654 3813 721 3895 ejus
750 3809 864 3876 aetatis
888 3809 1035 3876 indicium
1062 3813 1207 3893 tangam,
1238 3811 1352 3893 duplex
1371 3815 1420 3877 est
1440 3811 1496 3877 illa
1522 3811 1623 3894 figura
1652 3811 1762 3877 literae
1789 3829 1824 3891 a,
1853 3829 1985 3893 quarum
2011 3813 2112 3879 altera
2138 3814 2316 3881 undabat

536 3925 667 3991 lormam
688 3917 811 4000 retinet,
834 3916 935 3982 altera
955 3919 1065 3998 aperto
1086 3921 1144 3998 est,
1165 3922 1198 3982 et
1217 3935 1238 3982 u
1260 3917 1368 3984 literae
1390 3916 1499 3983 similis
1520 3915 1573 3998 lit,
1594 3937 1614 3983 a
1633 3933 1704 4000 qna,
1726 3917 1848 4000 semper
1867 3916 1933 3984 lere
1952 3919 2142 4002 rectanguln,
2171 3920 2315 3988 ductibus

537 4031 578 4097 ad
600 4029 741 4095 dextram
763 4023 920 4090 inclinatis
942 4022 1151 4105 distinguitur.

619 4135 662 4200 At
683 4129 765 4214 qnod
786 4130 867 4195 idem
888 4127 1064 4211 affirmavit,
1086 4129 1184 4195 latina
1205 4128 1309 4195 omnia
1330 4133 1363 4195 et
1384 4127 1622 4210 anglosaxonica
1642 4125 1751 4192 eadem
1761 4145 1856 4193 mann
1877 4127 1995 4210 scripta
2016 4147 2094 4212 esse,
2116 4135 2316 4215 comprobare

537 4259 664 4325 nequeo.
688 4237 764 4303 Tria
784 4236 887 4318 potius
910 4235 1083 4317 scripturae
1106 4253 1220 4316 genera
1242 4235 1356 4316 inveni,
1376 4253 1471 4300 unum
1491 4233 1524 4299 in
1545 4233 1632 4298 brevi
1654 4250 1766 4314 graeco
1787 4233 1841 4299 illo
1861 4231 2037 4318 fragmento
2058 4236 2211 4320 liturgico,
2233 4239 2316 4323 qnod

536 4349 683 4432 paginam
717 4341 850 4424 primam
878 4339 1001 4424 implet,
1031 4341 1091 4408 duo
1118 4343 1150 4408 in
1177 4340 1404 4423 aenigmatibus
1433 4339 1517 4422 ipsis.
1561 4337 1699 4406 blasima
1726 4338 1808 4404 enim
1840 4338 1912 4406 libri
1939 4358 2014 4424 pars
2041 4341 2160 4411 duabus
2185 4343 2317 4416 diversis

607 4661 654 4722 lt)
673 4657 808 4711 Babullius
828 4655 937 4709 tortasse
956 4655 1028 4724 loqui
1046 4653 1144 4717 liceret,
1164 4655 1188 4708 si
1207 4656 1288 4722 patria
1309 4652 1407 4708 codicia
1426 4652 1469 4706 vel
1487 4651 1588 4706 scribae
1606 4661 1744 4708 censurat.
1779 4654 1819 4709 Ex
1836 4655 1929 4724 Anglla
1953 4655 2057 4725 quidem
2081 4671 2140 4712 curn
2159 4656 2215 4713 aliis
2234 4675 2317 4714 mem·

538 4756 624 4808 brania
642 4749 815 4805 bibliothecae
833 4747 915 4801 lsaaci
933 4747 1018 4802 vossii
1037 4757 1063 4800 et
1081 4747 1144 4800 baec
1163 4747 1314 4816 Lugdunum
1332 4747 1440 4800 adressa
1458 4754 1505 4812 eat,
1523 4744 1648 4800 sedanda
1660 4745 1722 4800 illue
1739 4745 2008 4817 venerit,nonliqnat.
2025 4749 2316 4820 inprimapsglnapars

538 4849 657 4914 liturgiae
674 4857 784 4912 vaccae
802 4841 883 4895 literis
902 4841 986 4894 latinia
1003 4842 1106 4908 scripta,
1127 4841 1281 4909 initiumque
1299 4841 1355 4908 cjsaa
1374 4841 1442 4892 nobb
1460 4841 1563 4892 musicis
1581 4842 1709 4910 signatum
1728 4850 1778 4904 est;
1794 4840 2028 4896 hoollatbmannus
2046 4842 2088 4898 l.l.
2102 4843 2218 4896 celerans
2236 4845 2318 4909 addis,

540 4941 624 4994 videri
639 4939 718 5008 igilur
735 4949 792 4988 earn
810 4934 938 5001 inAnglia
957 4942 1082 4989 cadmum
1101 4932 1187 4988 luisse.
1208 4933 1335 5003 anglicae
1353 4932 1451 5002 patriae
1462 4949 1515 4986 non
1536 4931 1657 4995 amurca,
1677 4934 1748 5004 quod
1766 4932 1849 4987 scriba
1868 4936 1895 4987 in
1914 4934 1979 4990 locis
1997 4937 2204 5005 anglosaxonica
2223 4936 2318 4990 ansbo-

540 5035 588 5088 bns
605 5031 686 5085 literis
704 5029 730 5080 in
749 5027 853 5080 australi
871 5035 937 5080 carta
958 5042 1039 5095 ragno
1057 5025 1228 5094 vulgaribus,
1246 5025 1340 5096 quibas
1358 5025 1498 5080 vernacula
1524 5025 1717 5087 nabebatur,
1738 5043 1791 5080 non
1814 5043 1875 5080 usus
1905 5037 1954 5084 ast.
1988 5030 2022 5083 Aa
2045 5029 2130 5084 scriba
2155 5033 2231 5084 etiarn
2260 5045 2319 5083 essa

542 5127 626 5198 posuit
644 5120 794 5190 Anglosaxo
813 5121 839 5172 in
858 5118 1008 5171 Germaniae
1030 5119 1141 5188 quodam
1161 5120 1319 5176 monasterio
1339 5118 1447 5186 degam.
1475 5134 1570 5172 nomen
1589 5129 1660 5174 cana
1678 5118 1769 5189 Orga
1781 5137 1837 5174 saa
1862 5120 1931 5190 quod
1951 5123 2101 5193 inmarglnc
2117 5125 2264 5192 posterripti
2282 5125 2316 5178 ad

542 5235 622 5276 seces
641 5215 740 5282 Pauper
757 5219 843 5281 poeta,
863 5214 949 5280 itaque
967 5212 998 5265 ad
1017 5211 1126 5265 scribam
1144 5215 1255 5280 priorem
1276 5210 1383 5264 relatam
1403 5219 1450 5275 ast,
1469 5211 1623 5265 theotiscam
1642 5222 1689 5277 aas,
1707 5213 1778 5282 qnod
1796 5212 1997 5280 anglosaxonica
2023 5216 2089 5272 loret
2105 5215 2245 5285 Eadgaraa,
2273 5218 2317 5270 val

542 5315 667 5383 Edgarna.
