<?xml version="1.0" encoding="UTF-8"?>
<!DOCTYPE html PUBLIC "-//W3C//DTD XHTML 1.0 Transitional//EN"
    "http://www.w3.org/TR/xhtml1/DTD/xhtml1-transitional.dtd">
<html xmlns="http://www.w3.org/1999/xhtml" xml:lang="en" lang="en">
 <head>
  <title>
</title>
<meta http-equiv="Content-Type" content="text/html;charset=utf-8" />
  <meta name='ocr-system' content='tesseract 3.04.00' />
  <meta name='ocr-capabilities' content='ocr_page ocr_carea ocr_par ocr_line ocrx_word'/>
</head>
<body>
  <div class='ocr_page' id='page_1' title='image "./kynewulfipoetae00dietgoog_0021.png"; bbox 0 0 5192 6636; ppageno 0'>
   <div class='ocr_carea' id='block_1_1' title="bbox 494 549 544 626">
    <p class='ocr_par' dir='ltr' id='par_1_1' title="bbox 494 549 544 626">
     <span class='ocr_line' id='line_1_1' title="bbox 494 549 544 626; baseline 0.04 -2"><span class='ocrx_word' id='word_1_1' title='bbox 494 549 544 626; x_wconf 74' lang='lat'><strong>12</strong></span> 
     </span>
    </p>
   </div>
   <div class='ocr_carea' id='block_1_2' title="bbox 497 745 2295 4000">
    <p class='ocr_par' dir='ltr' id='par_1_2' title="bbox 497 745 2295 948">
     <span class='ocr_line' id='line_1_2' title="bbox 497 745 2295 840; baseline 0.009 -22"><span class='ocrx_word' id='word_1_2' title='bbox 497 767 614 818; x_wconf 86' lang='lat' dir='ltr'><strong>anuum</strong></span> <span class='ocrx_word' id='word_1_3' title='bbox 643 747 803 816; x_wconf 87' lang='lat' dir='ltr'><strong>tenuisset.</strong></span> <span class='ocrx_word' id='word_1_4' title='bbox 848 745 901 814; x_wconf 81' lang='lat' dir='ltr'><strong>Sic</strong></span> <span class='ocrx_word' id='word_1_5' title='bbox 925 745 1113 829; x_wconf 81' lang='lat' dir='ltr'><strong>Cynevnulttrs</strong></span> <span class='ocrx_word' id='word_1_6' title='bbox 1141 752 1236 832; x_wconf 85' lang='lat' dir='ltr'><strong>poeta</strong></span> <span class='ocrx_word' id='word_1_7' title='bbox 1263 747 1404 832; x_wconf 87' lang='lat' dir='ltr'><strong>aequalis</strong></span> <span class='ocrx_word' id='word_1_8' title='bbox 1431 755 1465 818; x_wconf 89' lang='lat' dir='ltr'><strong>et</strong></span> <span class='ocrx_word' id='word_1_9' title='bbox 1491 751 1608 820; x_wconf 81' lang='lat' dir='ltr'><strong>amiam</strong></span> <span class='ocrx_word' id='word_1_10' title='bbox 1634 753 1761 822; x_wconf 78' lang='lat' dir='ltr'><strong>helfrici</strong></span> <span class='ocrx_word' id='word_1_11' title='bbox 1788 753 1981 824; x_wconf 86' lang='lat' dir='ltr'><strong>celeberrimi</strong></span> <span class='ocrx_word' id='word_1_12' title='bbox 2007 757 2234 840; x_wconf 85' lang='lat' dir='ltr'><strong>praedicatoris</strong></span> <span class='ocrx_word' id='word_1_13' title='bbox 2260 773 2295 836; x_wconf 90' lang='lat' dir='ltr'><strong>et</strong></span> 
     </span>
     <span class='ocr_line' id='line_1_3' title="bbox 498 856 2106 948; baseline 0.004 -20"><span class='ocrx_word' id='word_1_14' title='bbox 498 860 622 928; x_wconf 89' lang='lat' dir='ltr'><strong>Veteris</strong></span> <span class='ocrx_word' id='word_1_15' title='bbox 644 859 729 924; x_wconf 88' lang='lat' dir='ltr'><strong>Test.</strong></span> <span class='ocrx_word' id='word_1_16' title='bbox 751 856 934 939; x_wconf 74' lang='lat' dir='ltr'><strong>interpretis</strong></span> <span class='ocrx_word' id='word_1_17' title='bbox 954 857 1081 940; x_wconf 81' lang='lat' dir='ltr'><strong>miscet,</strong></span> <span class='ocrx_word' id='word_1_18' title='bbox 1101 859 1156 941; x_wconf 89' lang='lat' dir='ltr'><strong>qui</strong></span> <span class='ocrx_word' id='word_1_19' title='bbox 1177 858 1314 926; x_wconf 87' lang='lat' dir='ltr'><strong>Kenullo</strong></span> <span class='ocrx_word' id='word_1_20' title='bbox 1335 860 1478 944; x_wconf 84' lang='lat' dir='ltr'><strong>episeopo</strong></span> <span class='ocrx_word' id='word_1_21' title='bbox 1497 861 1712 948; x_wconf 71' lang='lat' dir='ltr'><strong>biographiam</strong></span> <span class='ocrx_word' id='word_1_22' title='bbox 1731 863 1920 931; x_wconf 87' lang='lat' dir='ltr'><strong>Ethelvvoldi</strong></span> <span class='ocrx_word' id='word_1_23' title='bbox 1941 865 2106 936; x_wconf 85' lang='lat' dir='ltr'><strong>dedicavit.</strong></span> 
     </span>
    </p>

    <p class='ocr_par' dir='ltr' id='par_1_3' title="bbox 497 969 2291 1709">
     <span class='ocr_line' id='line_1_4' title="bbox 590 969 2291 1063; baseline 0.003 -24"><span class='ocrx_word' id='word_1_24' title='bbox 590 971 678 1039; x_wconf 91' lang='lat' dir='ltr'><strong>Inter</strong></span> <span class='ocrx_word' id='word_1_25' title='bbox 699 973 884 1052; x_wconf 86' lang='lat' dir='ltr'><strong>argumenta</strong></span> <span class='ocrx_word' id='word_1_26' title='bbox 912 969 1050 1051; x_wconf 60' lang='lat' dir='ltr'><strong>protheo</strong></span> <span class='ocrx_word' id='word_1_27' title='bbox 1073 972 1228 1038; x_wconf 85' lang='lat' dir='ltr'><strong>sententia</strong></span> <span class='ocrx_word' id='word_1_28' title='bbox 1251 970 1376 1052; x_wconf 87' lang='lat' dir='ltr'><strong>prolata</strong></span> <span class='ocrx_word' id='word_1_29' title='bbox 1405 972 1664 1054; x_wconf 88' lang='lat' dir='ltr'><strong>speciosissimum</strong></span> <span class='ocrx_word' id='word_1_30' title='bbox 1686 977 1773 1055; x_wconf 85' lang='lat' dir='ltr'><strong>erat,</strong></span> <span class='ocrx_word' id='word_1_31' title='bbox 1801 973 1885 1056; x_wconf 89' lang='lat' dir='ltr'><strong>quod</strong></span> <span class='ocrx_word' id='word_1_32' title='bbox 1906 974 1938 1040; x_wconf 92' lang='lat' dir='ltr'><strong>in</strong></span> <span class='ocrx_word' id='word_1_33' title='bbox 1965 983 2109 1058; x_wconf 85' lang='lat' dir='ltr'><strong>poemate</strong></span> <span class='ocrx_word' id='word_1_34' title='bbox 2131 980 2291 1063; x_wconf 85' lang='lat' dir='ltr'><strong>Gynevulfi</strong></span> 
     </span>
     <span class='ocr_line' id='line_1_5' title="bbox 497 1077 2291 1172; baseline 0.008 -23"><span class='ocrx_word' id='word_1_35' title='bbox 497 1101 559 1166; x_wconf 88' lang='lat' dir='ltr'><strong>quo</strong></span> <span class='ocrx_word' id='word_1_36' title='bbox 576 1083 720 1150; x_wconf 80' lang='lat' dir='ltr'><strong>Ohnetus</strong></span> <span class='ocrx_word' id='word_1_37' title='bbox 742 1083 897 1159; x_wconf 79' lang='lat' dir='ltr'><strong>conatu,</strong></span> <span class='ocrx_word' id='word_1_38' title='bbox 916 1077 1001 1144; x_wconf 83' lang='lat' dir='ltr'><strong>loun</strong></span> <span class='ocrx_word' id='word_1_39' title='bbox 1024 1083 1074 1144; x_wconf 87' lang='lat' dir='ltr'><strong>est</strong></span> <span class='ocrx_word' id='word_1_40' title='bbox 1094 1078 1132 1144; x_wconf 90' lang='lat' dir='ltr'><strong>de</strong></span> <span class='ocrx_word' id='word_1_41' title='bbox 1152 1081 1299 1148; x_wconf 88' lang='lat' dir='ltr'><strong>universa</strong></span> <span class='ocrx_word' id='word_1_42' title='bbox 1319 1087 1464 1150; x_wconf 75' lang='lat' dir='ltr'><strong>creamus</strong></span> <span class='ocrx_word' id='word_1_43' title='bbox 1484 1084 1642 1151; x_wconf 94' lang='lat' dir='ltr'><strong>dominum</strong></span> <span class='ocrx_word' id='word_1_44' title='bbox 1670 1102 1762 1152; x_wconf 87' lang='lat' dir='ltr'><strong>suum</strong></span> <span class='ocrx_word' id='word_1_45' title='bbox 1780 1091 1970 1168; x_wconf 86' lang='lat' dir='ltr'><strong>agnoscente</strong></span> <span class='ocrx_word' id='word_1_46' title='bbox 1987 1095 2113 1172; x_wconf 88' lang='lat' dir='ltr'><strong>praeter</strong></span> <span class='ocrx_word' id='word_1_47' title='bbox 2134 1092 2291 1164; x_wconf 93' lang='lat' dir='ltr'><strong>hominem</strong></span> 
     </span>
     <span class='ocr_line' id='line_1_6' title="bbox 498 1186 2290 1276; baseline 0.007 -19"><span class='ocrx_word' id='word_1_48' title='bbox 498 1193 604 1275; x_wconf 87' lang='lat' dir='ltr'><strong>lapide</strong></span> <span class='ocrx_word' id='word_1_49' title='bbox 625 1192 797 1271; x_wconf 89' lang='lat' dir='ltr'><strong>duriorem,</strong></span> <span class='ocrx_word' id='word_1_50' title='bbox 836 1188 889 1270; x_wconf 90' lang='lat' dir='ltr'><strong>qui</strong></span> <span class='ocrx_word' id='word_1_51' title='bbox 909 1187 994 1254; x_wconf 88' lang='lat' dir='ltr'><strong>locus</strong></span> <span class='ocrx_word' id='word_1_52' title='bbox 1015 1186 1135 1269; x_wconf 87' lang='lat' dir='ltr'><strong>plenior</strong></span> <span class='ocrx_word' id='word_1_53' title='bbox 1157 1194 1207 1254; x_wconf 86' lang='lat' dir='ltr'><strong>est</strong></span> <span class='ocrx_word' id='word_1_54' title='bbox 1226 1191 1259 1254; x_wconf 94' lang='lat' dir='ltr'><strong>in</strong></span> <span class='ocrx_word' id='word_1_55' title='bbox 1278 1207 1342 1256; x_wconf 86' lang='lat' dir='ltr'><strong>uno</strong></span> <span class='ocrx_word' id='word_1_56' title='bbox 1362 1189 1489 1258; x_wconf 83' lang='lat' dir='ltr'><strong>Aelhici</strong></span> <span class='ocrx_word' id='word_1_57' title='bbox 1509 1191 1707 1259; x_wconf 88' lang='lat' dir='ltr'><strong>homiliamm</strong></span> <span class='ocrx_word' id='word_1_58' title='bbox 1729 1198 1763 1259; x_wconf 90' lang='lat' dir='ltr'><strong>et</strong></span> <span class='ocrx_word' id='word_1_59' title='bbox 1790 1194 1964 1276; x_wconf 82' lang='lat' dir='ltr'><strong>exemplum</strong></span> <span class='ocrx_word' id='word_1_60' title='bbox 1983 1195 2066 1264; x_wconf 85' lang='lat' dir='ltr'><strong>illius</strong></span> <span class='ocrx_word' id='word_1_61' title='bbox 2086 1197 2183 1266; x_wconf 76' lang='lat' dir='ltr'><strong>misse</strong></span> <span class='ocrx_word' id='word_1_62' title='bbox 2203 1201 2290 1268; x_wconf 77' lang='lat' dir='ltr'><strong>vide</strong></span> 
     </span>
     <span class='ocr_line' id='line_1_7' title="bbox 498 1297 2287 1396; baseline 0.007 -28"><span class='ocrx_word' id='word_1_63' title='bbox 498 1307 559 1368; x_wconf 90' lang='lat' dir='ltr'><strong>tur.</strong></span> <span class='ocrx_word' id='word_1_64' title='bbox 603 1301 665 1368; x_wconf 81' lang='lat' dir='ltr'><strong>Sed</strong></span> <span class='ocrx_word' id='word_1_65' title='bbox 686 1305 852 1380; x_wconf 86' lang='lat' dir='ltr'><strong>utrumque</strong></span> <span class='ocrx_word' id='word_1_66' title='bbox 871 1297 976 1380; x_wconf 86' lang='lat' dir='ltr'><strong>potius</strong></span> <span class='ocrx_word' id='word_1_67' title='bbox 998 1313 1017 1361; x_wconf 91' lang='lat' dir='ltr'><strong>e</strong></span> <span class='ocrx_word' id='word_1_68' title='bbox 1039 1297 1192 1362; x_wconf 91' lang='lat' dir='ltr'><strong>communi</strong></span> <span class='ocrx_word' id='word_1_69' title='bbox 1215 1297 1303 1366; x_wconf 81' lang='lat' dir='ltr'><strong>fonte</strong></span> <span class='ocrx_word' id='word_1_70' title='bbox 1324 1301 1481 1384; x_wconf 80' lang='lat' dir='ltr'><strong>hausisse,</strong></span> <span class='ocrx_word' id='word_1_71' title='bbox 1501 1304 1646 1371; x_wconf 89' lang='lat' dir='ltr'><strong>nimimm</strong></span> <span class='ocrx_word' id='word_1_72' title='bbox 1668 1321 1707 1370; x_wconf 85' lang='lat' dir='ltr'><strong>en</strong></span> <span class='ocrx_word' id='word_1_73' title='bbox 1728 1304 1862 1372; x_wconf 89' lang='lat' dir='ltr'><strong>homiliis</strong></span> <span class='ocrx_word' id='word_1_74' title='bbox 1884 1306 2046 1388; x_wconf 81' lang='lat' dir='ltr'><strong>Gregorii,</strong></span> <span class='ocrx_word' id='word_1_75' title='bbox 2066 1311 2148 1390; x_wconf 90' lang='lat' dir='ltr'><strong>opud</strong></span> <span class='ocrx_word' id='word_1_76' title='bbox 2168 1311 2287 1396; x_wconf 74' lang='lat' dir='ltr'><strong>anglos</strong></span> 
     </span>
     <span class='ocr_line' id='line_1_8' title="bbox 499 1401 2287 1499; baseline 0.006 -24"><span class='ocrx_word' id='word_1_77' title='bbox 499 1407 736 1476; x_wconf 83' lang='lat' dir='ltr'><strong>celebratissimi</strong></span> <span class='ocrx_word' id='word_1_78' title='bbox 755 1409 788 1472; x_wconf 93' lang='lat' dir='ltr'><strong>et</strong></span> <span class='ocrx_word' id='word_1_79' title='bbox 809 1405 873 1470; x_wconf 86' lang='lat' dir='ltr'><strong>iere</strong></span> <span class='ocrx_word' id='word_1_80' title='bbox 895 1401 1029 1485; x_wconf 85' lang='lat' dir='ltr'><strong>apostoli</strong></span> <span class='ocrx_word' id='word_1_81' title='bbox 1049 1402 1116 1470; x_wconf 92' lang='lat' dir='ltr'><strong>loco</strong></span> <span class='ocrx_word' id='word_1_82' title='bbox 1138 1403 1254 1486; x_wconf 90' lang='lat' dir='ltr'><strong>habiti,</strong></span> <span class='ocrx_word' id='word_1_83' title='bbox 1290 1425 1381 1488; x_wconf 88' lang='lat' dir='ltr'><strong>quem</strong></span> <span class='ocrx_word' id='word_1_84' title='bbox 1403 1408 1591 1490; x_wconf 83' lang='lat' dir='ltr'><strong>Cynevulius</strong></span> <span class='ocrx_word' id='word_1_85' title='bbox 1613 1411 1646 1476; x_wconf 89' lang='lat' dir='ltr'><strong>in</strong></span> <span class='ocrx_word' id='word_1_86' title='bbox 1668 1411 1777 1478; x_wconf 91' lang='lat' dir='ltr'><strong>eodem</strong></span> <span class='ocrx_word' id='word_1_87' title='bbox 1797 1413 1935 1478; x_wconf 88' lang='lat' dir='ltr'><strong>carmine</strong></span> <span class='ocrx_word' id='word_1_88' title='bbox 1957 1421 2081 1480; x_wconf 85' lang='lat' dir='ltr'><strong>secutus</strong></span> <span class='ocrx_word' id='word_1_89' title='bbox 2103 1415 2155 1499; x_wconf 87' lang='lat' dir='ltr'><strong>sit,</strong></span> <span class='ocrx_word' id='word_1_90' title='bbox 2173 1418 2287 1486; x_wconf 81' lang='lat' dir='ltr'><strong>olibis</strong></span> 
     </span>
     <span class='ocr_line' id='line_1_9' title="bbox 498 1513 2287 1607; baseline 0.004 -23"><span class='ocrx_word' id='word_1_91' title='bbox 498 1537 549 1584; x_wconf 91' lang='lat' dir='ltr'><strong>me</strong></span> <span class='ocrx_word' id='word_1_92' title='bbox 565 1519 632 1601; x_wconf 85' lang='lat' dir='ltr'><strong>jnm</strong></span> <span class='ocrx_word' id='word_1_93' title='bbox 648 1521 697 1582; x_wconf 87' lang='lat' dir='ltr'><strong>est</strong></span> <span class='ocrx_word' id='word_1_94' title='bbox 708 1515 954 1582; x_wconf 85' lang='lat' dir='ltr'><strong>demonstratum</strong></span> <span class='ocrx_word' id='word_1_95' title='bbox 965 1513 1025 1594; x_wconf 84' lang='lat'><strong>¹¹).</strong></span> <span class='ocrx_word' id='word_1_96' title='bbox 1064 1513 1240 1579; x_wconf 83' lang='lat' dir='ltr'><strong>Admodum</strong></span> <span class='ocrx_word' id='word_1_97' title='bbox 1253 1514 1377 1582; x_wconf 88' lang='lat' dir='ltr'><strong>infirmo</strong></span> <span class='ocrx_word' id='word_1_98' title='bbox 1393 1522 1468 1583; x_wconf 89' lang='lat' dir='ltr'><strong>sunt</strong></span> <span class='ocrx_word' id='word_1_99' title='bbox 1485 1519 1597 1601; x_wconf 85' lang='lat' dir='ltr'><strong>quibus</strong></span> <span class='ocrx_word' id='word_1_100' title='bbox 1618 1525 1781 1601; x_wconf 87' lang='lat' dir='ltr'><strong>praetereo</strong></span> <span class='ocrx_word' id='word_1_101' title='bbox 1800 1520 1934 1603; x_wconf 87' lang='lat' dir='ltr'><strong>probare</strong></span> <span class='ocrx_word' id='word_1_102' title='bbox 1956 1522 2065 1587; x_wconf 93' lang='lat' dir='ltr'><strong>volunt</strong></span> <span class='ocrx_word' id='word_1_103' title='bbox 2086 1523 2287 1607; x_wconf 81' lang='lat' dir='ltr'><strong>Cynernllum</strong></span> 
     </span>
     <span class='ocr_line' id='line_1_10' title="bbox 498 1623 1549 1709; baseline 0.002 -17"><span class='ocrx_word' id='word_1_104' title='bbox 498 1631 624 1709; x_wconf 87' lang='lat' dir='ltr'><strong>poetam</strong></span> <span class='ocrx_word' id='word_1_105' title='bbox 649 1631 683 1691; x_wconf 91' lang='lat' dir='ltr'><strong>et</strong></span> <span class='ocrx_word' id='word_1_106' title='bbox 701 1625 869 1692; x_wconf 85' lang='lat' dir='ltr'><strong>Kenuulfnrm</strong></span> <span class='ocrx_word' id='word_1_107' title='bbox 890 1625 1035 1692; x_wconf 85' lang='lat' dir='ltr'><strong>abbatem</strong></span> <span class='ocrx_word' id='word_1_108' title='bbox 1062 1628 1096 1689; x_wconf 90' lang='lat' dir='ltr'><strong>et</strong></span> <span class='ocrx_word' id='word_1_109' title='bbox 1124 1623 1299 1706; x_wconf 90' lang='lat' dir='ltr'><strong>episcopum</strong></span> <span class='ocrx_word' id='word_1_110' title='bbox 1319 1625 1450 1692; x_wconf 90' lang='lat' dir='ltr'><strong>eundem</strong></span> <span class='ocrx_word' id='word_1_111' title='bbox 1471 1644 1549 1694; x_wconf 88' lang='lat' dir='ltr'><strong>esse.</strong></span> 
     </span>
    </p>

    <p class='ocr_par' dir='ltr' id='par_1_4' title="bbox 498 1733 2293 3246">
     <span class='ocr_line' id='line_1_11' title="bbox 588 1733 2290 1824; baseline 0.004 -22"><span class='ocrx_word' id='word_1_112' title='bbox 588 1735 634 1802; x_wconf 92' lang='lat' dir='ltr'><strong>Ut</strong></span> <span class='ocrx_word' id='word_1_113' title='bbox 655 1736 736 1800; x_wconf 90' lang='lat' dir='ltr'><strong>enim</strong></span> <span class='ocrx_word' id='word_1_114' title='bbox 757 1736 822 1800; x_wconf 92' lang='lat' dir='ltr'><strong>veri</strong></span> <span class='ocrx_word' id='word_1_115' title='bbox 845 1734 961 1816; x_wconf 86' lang='lat' dir='ltr'><strong>aliquid</strong></span> <span class='ocrx_word' id='word_1_116' title='bbox 984 1736 1085 1800; x_wconf 88' lang='lat' dir='ltr'><strong>subsit</strong></span> <span class='ocrx_word' id='word_1_117' title='bbox 1106 1733 1249 1802; x_wconf 91' lang='lat' dir='ltr'><strong>laudibus</strong></span> <span class='ocrx_word' id='word_1_118' title='bbox 1274 1736 1337 1802; x_wconf 81' lang='lat' dir='ltr'><strong>ill&#39;n</strong></span> <span class='ocrx_word' id='word_1_119' title='bbox 1365 1737 1449 1820; x_wconf 87' lang='lat' dir='ltr'><strong>opud</strong></span> <span class='ocrx_word' id='word_1_120' title='bbox 1470 1737 1634 1821; x_wconf 84' lang='lat' dir='ltr'><strong>Hugonem</strong></span> <span class='ocrx_word' id='word_1_121' title='bbox 1654 1737 1843 1820; x_wconf 85' lang='lat' dir='ltr'><strong>Candidum,</strong></span> <span class='ocrx_word' id='word_1_122' title='bbox 1876 1755 1957 1821; x_wconf 86' lang='lat' dir='ltr'><strong>quae</strong></span> <span class='ocrx_word' id='word_1_123' title='bbox 1983 1743 2113 1822; x_wconf 88' lang='lat' dir='ltr'><strong>propter</strong></span> <span class='ocrx_word' id='word_1_124' title='bbox 2139 1743 2290 1824; x_wconf 88' lang='lat' dir='ltr'><strong>temporis</strong></span> 
     </span>
     <span class='ocr_line' id='line_1_12' title="bbox 500 1833 2285 1932; baseline 0.003 -21"><span class='ocrx_word' id='word_1_125' title='bbox 500 1845 714 1913; x_wconf 84' lang='lat' dir='ltr'><strong>diversitatem</strong></span> <span class='ocrx_word' id='word_1_126' title='bbox 735 1850 767 1910; x_wconf 89' lang='lat' dir='ltr'><strong>et</strong></span> <span class='ocrx_word' id='word_1_127' title='bbox 788 1845 863 1926; x_wconf 91' lang='lat' dir='ltr'><strong>loci,</strong></span> <span class='ocrx_word' id='word_1_128' title='bbox 896 1833 1077 1910; x_wconf 81' lang='lat' dir='ltr'><strong>monasterii</strong></span> <span class='ocrx_word' id='word_1_129' title='bbox 1098 1843 1216 1910; x_wconf 85' lang='lat' dir='ltr'><strong>scilicet</strong></span> <span class='ocrx_word' id='word_1_130' title='bbox 1235 1843 1508 1929; x_wconf 86' lang='lat' dir='ltr'><strong>Petroburgensis,</strong></span> <span class='ocrx_word' id='word_1_131' title='bbox 1542 1848 1793 1914; x_wconf 88' lang='lat' dir='ltr'><strong>communitatem</strong></span> <span class='ocrx_word' id='word_1_132' title='bbox 1814 1847 1958 1914; x_wconf 85' lang='lat' dir='ltr'><strong>obstante</strong></span> <span class='ocrx_word' id='word_1_133' title='bbox 1980 1847 2110 1915; x_wconf 90' lang='lat' dir='ltr'><strong>oliorum</strong></span> <span class='ocrx_word' id='word_1_134' title='bbox 2131 1849 2285 1932; x_wconf 88' lang='lat' dir='ltr'><strong>vituperio</strong></span> 
     </span>
     <span class='ocr_line' id='line_1_13' title="bbox 500 1951 2293 2042; baseline 0.003 -22"><span class='ocrx_word' id='word_1_135' title='bbox 500 1973 650 2039; x_wconf 84' lang='lat' dir='ltr'><strong>perquam</strong></span> <span class='ocrx_word' id='word_1_136' title='bbox 671 1959 833 2036; x_wconf 78' lang='lat' dir='ltr'><strong>suspectae</strong></span> <span class='ocrx_word' id='word_1_137' title='bbox 855 1955 1004 2036; x_wconf 58' lang='lat' dir='ltr'><strong>samin),</strong></span> <span class='ocrx_word' id='word_1_138' title='bbox 1026 1951 1102 2018; x_wconf 92' lang='lat' dir='ltr'><strong>nihil</strong></span> <span class='ocrx_word' id='word_1_139' title='bbox 1123 1951 1176 2018; x_wconf 92' lang='lat' dir='ltr'><strong>ille</strong></span> <span class='ocrx_word' id='word_1_140' title='bbox 1196 1952 1237 2018; x_wconf 89' lang='lat' dir='ltr'><strong>ad</strong></span> <span class='ocrx_word' id='word_1_141' title='bbox 1257 1953 1449 2035; x_wconf 87' lang='lat' dir='ltr'><strong>probandam</strong></span> <span class='ocrx_word' id='word_1_142' title='bbox 1469 1955 1594 2022; x_wconf 87' lang='lat' dir='ltr'><strong>Kenulli</strong></span> <span class='ocrx_word' id='word_1_143' title='bbox 1615 1957 1800 2039; x_wconf 89' lang='lat' dir='ltr'><strong>sapientiam</strong></span> <span class='ocrx_word' id='word_1_144' title='bbox 1836 1955 2070 2040; x_wconf 87' lang='lat' dir='ltr'><strong>Salomonicam,</strong></span> <span class='ocrx_word' id='word_1_145' title='bbox 2091 1976 2184 2040; x_wconf 90' lang='lat' dir='ltr'><strong>quam</strong></span> <span class='ocrx_word' id='word_1_146' title='bbox 2205 1959 2293 2042; x_wconf 85' lang='lat' dir='ltr'><strong>dixit,</strong></span> 
     </span>
     <span class='ocr_line' id='line_1_14' title="bbox 500 2062 2288 2149; baseline 0.002 -17"><span class='ocrx_word' id='word_1_147' title='bbox 500 2066 534 2132; x_wconf 88' lang='lat' dir='ltr'><strong>in</strong></span> <span class='ocrx_word' id='word_1_148' title='bbox 554 2066 689 2133; x_wconf 89' lang='lat' dir='ltr'><strong>medium</strong></span> <span class='ocrx_word' id='word_1_149' title='bbox 710 2065 848 2149; x_wconf 83' lang='lat' dir='ltr'><strong>prolerre</strong></span> <span class='ocrx_word' id='word_1_150' title='bbox 868 2063 986 2146; x_wconf 92' lang='lat' dir='ltr'><strong>potuit,</strong></span> <span class='ocrx_word' id='word_1_151' title='bbox 1026 2081 1119 2146; x_wconf 90' lang='lat' dir='ltr'><strong>quam</strong></span> <span class='ocrx_word' id='word_1_152' title='bbox 1142 2062 1223 2144; x_wconf 92' lang='lat' dir='ltr'><strong>quod</strong></span> <span class='ocrx_word' id='word_1_153' title='bbox 1243 2081 1357 2144; x_wconf 85' lang='lat' dir='ltr'><strong>magno</strong></span> <span class='ocrx_word' id='word_1_154' title='bbox 1384 2064 1487 2131; x_wconf 86' lang='lat' dir='ltr'><strong>studio</strong></span> <span class='ocrx_word' id='word_1_155' title='bbox 1519 2064 1634 2130; x_wconf 80' lang='lat' dir='ltr'><strong>»libros</strong></span> <span class='ocrx_word' id='word_1_156' title='bbox 1664 2065 1905 2132; x_wconf 83' lang='lat' dir='ltr'><strong>emendaverit«</strong></span> <span class='ocrx_word' id='word_1_157' title='bbox 1948 2067 2033 2134; x_wconf 84' lang='lat' dir='ltr'><strong>Satis</strong></span> <span class='ocrx_word' id='word_1_158' title='bbox 2054 2071 2160 2133; x_wconf 87' lang='lat' dir='ltr'><strong>autem</strong></span> <span class='ocrx_word' id='word_1_159' title='bbox 2181 2073 2288 2136; x_wconf 89' lang='lat' dir='ltr'><strong>notum</strong></span> 
     </span>
     <span class='ocr_line' id='line_1_15' title="bbox 501 2169 2290 2270; baseline 0.001 -29"><span class='ocrx_word' id='word_1_160' title='bbox 501 2180 565 2258; x_wconf 77' lang='lat' dir='ltr'><strong>est,</strong></span> <span class='ocrx_word' id='word_1_161' title='bbox 595 2177 692 2242; x_wconf 90' lang='lat' dir='ltr'><strong>libros</strong></span> <span class='ocrx_word' id='word_1_162' title='bbox 715 2173 880 2240; x_wconf 86' lang='lat' dir='ltr'><strong>emendare</strong></span> <span class='ocrx_word' id='word_1_163' title='bbox 904 2169 988 2270; x_wconf 72' lang='lat' dir='ltr'><strong>apud</strong></span> <span class='ocrx_word' id='word_1_164' title='bbox 1011 2172 1178 2254; x_wconf 84' lang='lat' dir='ltr'><strong>scriptores</strong></span> <span class='ocrx_word' id='word_1_165' title='bbox 1205 2171 1325 2238; x_wconf 86' lang='lat' dir='ltr'><strong>mediae</strong></span> <span class='ocrx_word' id='word_1_166' title='bbox 1352 2173 1466 2239; x_wconf 84' lang='lat' dir='ltr'><strong>aetatis</strong></span> <span class='ocrx_word' id='word_1_167' title='bbox 1493 2173 1569 2238; x_wconf 92' lang='lat' dir='ltr'><strong>nihil</strong></span> <span class='ocrx_word' id='word_1_168' title='bbox 1597 2173 1683 2241; x_wconf 91' lang='lat' dir='ltr'><strong>aliud</strong></span> <span class='ocrx_word' id='word_1_169' title='bbox 1711 2191 1894 2258; x_wconf 84' lang='lat' dir='ltr'><strong>essequam</strong></span> <span class='ocrx_word' id='word_1_170' title='bbox 1915 2175 2004 2240; x_wconf 88' lang='lat' dir='ltr'><strong>libris</strong></span> <span class='ocrx_word' id='word_1_171' title='bbox 2030 2175 2137 2242; x_wconf 84' lang='lat' dir='ltr'><strong>latinis</strong></span> <span class='ocrx_word' id='word_1_172' title='bbox 2158 2176 2290 2243; x_wconf 89' lang='lat' dir='ltr'><strong>aliorum</strong></span> 
     </span>
     <span class='ocr_line' id='line_1_16' title="bbox 501 2279 2290 2368; baseline 0.001 -18"><span class='ocrx_word' id='word_1_173' title='bbox 501 2293 585 2354; x_wconf 88' lang='lat' dir='ltr'><strong>recte</strong></span> <span class='ocrx_word' id='word_1_174' title='bbox 606 2282 867 2354; x_wconf 86' lang='lat' dir='ltr'><strong>transscribendis</strong></span> <span class='ocrx_word' id='word_1_175' title='bbox 887 2281 1044 2347; x_wconf 89' lang='lat' dir='ltr'><strong>interdum</strong></span> <span class='ocrx_word' id='word_1_176' title='bbox 1064 2280 1159 2346; x_wconf 88' lang='lat' dir='ltr'><strong>etiam</strong></span> <span class='ocrx_word' id='word_1_177' title='bbox 1180 2285 1213 2345; x_wconf 91' lang='lat' dir='ltr'><strong>et</strong></span> <span class='ocrx_word' id='word_1_178' title='bbox 1233 2279 1457 2364; x_wconf 85' lang='lat' dir='ltr'><strong>amplificandis</strong></span> <span class='ocrx_word' id='word_1_179' title='bbox 1479 2287 1512 2348; x_wconf 88' lang='lat' dir='ltr'><strong>et</strong></span> <span class='ocrx_word' id='word_1_180' title='bbox 1531 2281 1722 2348; x_wconf 89' lang='lat' dir='ltr'><strong>decurtautis</strong></span> <span class='ocrx_word' id='word_1_181' title='bbox 1743 2300 1870 2365; x_wconf 87' lang='lat' dir='ltr'><strong>operam</strong></span> <span class='ocrx_word' id='word_1_182' title='bbox 1889 2281 1978 2365; x_wconf 85' lang='lat' dir='ltr'><strong>dare,</strong></span> <span class='ocrx_word' id='word_1_183' title='bbox 1999 2284 2082 2366; x_wconf 92' lang='lat' dir='ltr'><strong>quod</strong></span> <span class='ocrx_word' id='word_1_184' title='bbox 2103 2301 2196 2368; x_wconf 86' lang='lat' dir='ltr'><strong>saepe</strong></span> <span class='ocrx_word' id='word_1_185' title='bbox 2215 2305 2290 2352; x_wconf 90' lang='lat' dir='ltr'><strong>vero</strong></span> 
     </span>
     <span class='ocr_line' id='line_1_17' title="bbox 502 2389 2289 2479; baseline -0.003 -12"><span class='ocrx_word' id='word_1_186' title='bbox 502 2403 629 2468; x_wconf 88' lang='lat' dir='ltr'><strong>auctore</strong></span> <span class='ocrx_word' id='word_1_187' title='bbox 651 2409 817 2477; x_wconf 85' lang='lat' dir='ltr'><strong>suppresso</strong></span> <span class='ocrx_word' id='word_1_188' title='bbox 836 2391 1023 2473; x_wconf 83' lang='lat' dir='ltr'><strong>proprioque</strong></span> <span class='ocrx_word' id='word_1_189' title='bbox 1043 2389 1166 2454; x_wconf 91' lang='lat' dir='ltr'><strong>nomine</strong></span> <span class='ocrx_word' id='word_1_190' title='bbox 1186 2389 1272 2472; x_wconf 88' lang='lat' dir='ltr'><strong>operi</strong></span> <span class='ocrx_word' id='word_1_191' title='bbox 1290 2389 1429 2472; x_wconf 76' lang='lat' dir='ltr'><strong>praefixo</strong></span> <span class='ocrx_word' id='word_1_192' title='bbox 1447 2391 1564 2456; x_wconf 86' lang='lat' dir='ltr'><strong>luctum</strong></span> <span class='ocrx_word' id='word_1_193' title='bbox 1590 2396 1649 2458; x_wconf 77' lang='lat' dir='ltr'><strong>cst.</strong></span> <span class='ocrx_word' id='word_1_194' title='bbox 1691 2391 1819 2457; x_wconf 88' lang='lat' dir='ltr'><strong>Minime</strong></span> <span class='ocrx_word' id='word_1_195' title='bbox 1845 2410 1919 2458; x_wconf 88' lang='lat' dir='ltr'><strong>vero</strong></span> <span class='ocrx_word' id='word_1_196' title='bbox 1937 2393 1983 2458; x_wconf 87' lang='lat' dir='ltr'><strong>ita</strong></span> <span class='ocrx_word' id='word_1_197' title='bbox 2006 2393 2089 2476; x_wconf 89' lang='lat' dir='ltr'><strong>loqui</strong></span> <span class='ocrx_word' id='word_1_198' title='bbox 2110 2395 2213 2476; x_wconf 93' lang='lat' dir='ltr'><strong>potuit</strong></span> <span class='ocrx_word' id='word_1_199' title='bbox 2234 2397 2289 2479; x_wconf 91' lang='lat' dir='ltr'><strong>qui</strong></span> 
     </span>
     <span class='ocr_line' id='line_1_18' title="bbox 498 2500 2285 2594; baseline -0.001 -20"><span class='ocrx_word' id='word_1_200' title='bbox 498 2515 623 2594; x_wconf 88' lang='lat' dir='ltr'><strong>poetam</strong></span> <span class='ocrx_word' id='word_1_201' title='bbox 643 2509 692 2570; x_wconf 90' lang='lat' dir='ltr'><strong>tot</strong></span> <span class='ocrx_word' id='word_1_202' title='bbox 713 2501 898 2569; x_wconf 81' lang='lat' dir='ltr'><strong>carminibus</strong></span> <span class='ocrx_word' id='word_1_203' title='bbox 919 2519 939 2565; x_wconf 90' lang='lat' dir='ltr'><strong>o</strong></span> <span class='ocrx_word' id='word_1_204' title='bbox 959 2519 993 2566; x_wconf 90' lang='lat' dir='ltr'><strong>se</strong></span> <span class='ocrx_word' id='word_1_205' title='bbox 1020 2500 1087 2582; x_wconf 89' lang='lat' dir='ltr'><strong>ipso</strong></span> <span class='ocrx_word' id='word_1_206' title='bbox 1117 2501 1294 2582; x_wconf 86' lang='lat' dir='ltr'><strong>compositis</strong></span> <span class='ocrx_word' id='word_1_207' title='bbox 1322 2501 1474 2567; x_wconf 89' lang='lat' dir='ltr'><strong>celebrem</strong></span> <span class='ocrx_word' id='word_1_208' title='bbox 1502 2501 1727 2583; x_wconf 89' lang='lat' dir='ltr'><strong>vernaculoque</strong></span> <span class='ocrx_word' id='word_1_209' title='bbox 1754 2518 1895 2566; x_wconf 88' lang='lat' dir='ltr'><strong>sermone</strong></span> <span class='ocrx_word' id='word_1_210' title='bbox 1920 2520 2026 2584; x_wconf 78' lang='lat' dir='ltr'><strong>mum,</strong></span> <span class='ocrx_word' id='word_1_211' title='bbox 2057 2504 2164 2586; x_wconf 88' lang='lat' dir='ltr'><strong>quales</strong></span> <span class='ocrx_word' id='word_1_212' title='bbox 2186 2505 2285 2572; x_wconf 85' lang='lat' dir='ltr'><strong>Caed-</strong></span> 
     </span>
     <span class='ocr_line' id='line_1_19' title="bbox 499 2607 2292 2698; baseline -0.002 -13"><span class='ocrx_word' id='word_1_213' title='bbox 499 2607 997 2698; x_wconf 82' lang='lat' dir='ltr'><strong>moues,hldhe1ni,cynevulfi</strong></span> <span class='ocrx_word' id='word_1_214' title='bbox 1020 2607 1161 2692; x_wconf 87' lang='lat' dir='ltr'><strong>fuerunt,</strong></span> <span class='ocrx_word' id='word_1_215' title='bbox 1189 2608 1314 2675; x_wconf 88' lang='lat' dir='ltr'><strong>volebat</strong></span> <span class='ocrx_word' id='word_1_216' title='bbox 1332 2608 1556 2676; x_wconf 89' lang='lat' dir='ltr'><strong>commendare.</strong></span> <span class='ocrx_word' id='word_1_217' title='bbox 1583 2609 1750 2676; x_wconf 85' lang='lat' dir='ltr'><strong>Praeterea</strong></span> <span class='ocrx_word' id='word_1_218' title='bbox 1791 2607 1943 2676; x_wconf 83' lang='lat' dir='ltr'><strong>Kenulius</strong></span> <span class='ocrx_word' id='word_1_219' title='bbox 1963 2609 2061 2676; x_wconf 87' lang='lat' dir='ltr'><strong>ebbos</strong></span> <span class='ocrx_word' id='word_1_220' title='bbox 2085 2617 2119 2678; x_wconf 92' lang='lat' dir='ltr'><strong>et</strong></span> <span class='ocrx_word' id='word_1_221' title='bbox 2135 2617 2292 2698; x_wconf 90' lang='lat' dir='ltr'><strong>postremo</strong></span> 
     </span>
     <span class='ocr_line' id='line_1_20' title="bbox 499 2717 2290 2814; baseline -0.003 -18"><span class='ocrx_word' id='word_1_222' title='bbox 499 2731 677 2814; x_wconf 85' lang='lat' dir='ltr'><strong>episcopus,</strong></span> <span class='ocrx_word' id='word_1_223' title='bbox 712 2729 880 2805; x_wconf 67' lang='lat' dir='ltr'><strong>numquam</strong></span> <span class='ocrx_word' id='word_1_224' title='bbox 907 2720 948 2786; x_wconf 91' lang='lat' dir='ltr'><strong>ad</strong></span> <span class='ocrx_word' id='word_1_225' title='bbox 976 2721 1056 2786; x_wconf 86' lang='lat' dir='ltr'><strong>tales</strong></span> <span class='ocrx_word' id='word_1_226' title='bbox 1084 2721 1253 2803; x_wconf 80' lang='lat' dir='ltr'><strong>dignitates</strong></span> <span class='ocrx_word' id='word_1_227' title='bbox 1274 2717 1499 2785; x_wconf 79' lang='lat' dir='ltr'><strong>ecclesiasticas</strong></span> <span class='ocrx_word' id='word_1_228' title='bbox 1527 2719 1726 2803; x_wconf 86' lang='lat' dir='ltr'><strong>eveheretur,</strong></span> <span class='ocrx_word' id='word_1_229' title='bbox 1762 2720 1859 2786; x_wconf 90' lang='lat' dir='ltr'><strong>vitam</strong></span> <span class='ocrx_word' id='word_1_230' title='bbox 1879 2717 2091 2786; x_wconf 87' lang='lat' dir='ltr'><strong>monachicam</strong></span> <span class='ocrx_word' id='word_1_231' title='bbox 2111 2721 2290 2790; x_wconf 89' lang='lat' dir='ltr'><strong>Wintoniae</strong></span> 
     </span>
     <span class='ocr_line' id='line_1_21' title="bbox 501 2830 2291 2924; baseline -0.001 -19"><span class='ocrx_word' id='word_1_232' title='bbox 501 2843 623 2924; x_wconf 89' lang='lat' dir='ltr'><strong>egerat,</strong></span> <span class='ocrx_word' id='word_1_233' title='bbox 640 2841 675 2902; x_wconf 91' lang='lat' dir='ltr'><strong>at</strong></span> <span class='ocrx_word' id='word_1_234' title='bbox 695 2831 883 2916; x_wconf 83' lang='lat' dir='ltr'><strong>Oynevulfue</strong></span> <span class='ocrx_word' id='word_1_235' title='bbox 896 2835 992 2913; x_wconf 89' lang='lat' dir='ltr'><strong>poeta</strong></span> <span class='ocrx_word' id='word_1_236' title='bbox 1014 2848 1076 2898; x_wconf 92' lang='lat' dir='ltr'><strong>uon</strong></span> <span class='ocrx_word' id='word_1_237' title='bbox 1096 2830 1182 2894; x_wconf 91' lang='lat' dir='ltr'><strong>intra</strong></span> <span class='ocrx_word' id='word_1_238' title='bbox 1202 2830 1384 2897; x_wconf 86' lang='lat' dir='ltr'><strong>monasterii</strong></span> <span class='ocrx_word' id='word_1_239' title='bbox 1405 2830 1527 2896; x_wconf 89' lang='lat' dir='ltr'><strong>moenia</strong></span> <span class='ocrx_word' id='word_1_240' title='bbox 1545 2831 1734 2914; x_wconf 78' lang='lat' dir='ltr'><strong>adoleverat,</strong></span> <span class='ocrx_word' id='word_1_241' title='bbox 1755 2830 1810 2896; x_wconf 88' lang='lat' dir='ltr'><strong>sed</strong></span> <span class='ocrx_word' id='word_1_242' title='bbox 1829 2835 1866 2896; x_wconf 93' lang='lat' dir='ltr'><strong>ut</strong></span> <span class='ocrx_word' id='word_1_243' title='bbox 1886 2831 1953 2913; x_wconf 89' lang='lat' dir='ltr'><strong>ipse</strong></span> <span class='ocrx_word' id='word_1_244' title='bbox 1974 2831 2006 2896; x_wconf 94' lang='lat' dir='ltr'><strong>in</strong></span> <span class='ocrx_word' id='word_1_245' title='bbox 2033 2831 2150 2898; x_wconf 88' lang='lat' dir='ltr'><strong>Elenae</strong></span> <span class='ocrx_word' id='word_1_246' title='bbox 2171 2835 2291 2919; x_wconf 88' lang='lat' dir='ltr'><strong>epilogo</strong></span> 
     </span>
     <span class='ocr_line' id='line_1_22' title="bbox 500 2939 2291 3026; baseline -0.002 -12"><span class='ocrx_word' id='word_1_247' title='bbox 500 2951 618 3018; x_wconf 84' lang='lat' dir='ltr'><strong>diserte</strong></span> <span class='ocrx_word' id='word_1_248' title='bbox 639 2945 731 3026; x_wconf 81' lang='lat' dir='ltr'><strong>diudt,</strong></span> <span class='ocrx_word' id='word_1_249' title='bbox 767 2947 800 3008; x_wconf 92' lang='lat' dir='ltr'><strong>et</strong></span> <span class='ocrx_word' id='word_1_250' title='bbox 825 2941 903 3008; x_wconf 89' lang='lat' dir='ltr'><strong>satis</strong></span> <span class='ocrx_word' id='word_1_251' title='bbox 922 2941 956 3006; x_wconf 90' lang='lat' dir='ltr'><strong>iu</strong></span> <span class='ocrx_word' id='word_1_252' title='bbox 977 2939 1205 3022; x_wconf 79' lang='lat' dir='ltr'><strong>aenigmatibus</strong></span> <span class='ocrx_word' id='word_1_253' title='bbox 1238 2941 1303 3006; x_wconf 89' lang='lat' dir='ltr'><strong>suis</strong></span> <span class='ocrx_word' id='word_1_254' title='bbox 1324 2940 1477 3023; x_wconf 85' lang='lat' dir='ltr'><strong>prodidit,</strong></span> <span class='ocrx_word' id='word_1_255' title='bbox 1512 2939 1702 3008; x_wconf 73' lang='lat' dir='ltr'><strong>saeculmem</strong></span> <span class='ocrx_word' id='word_1_256' title='bbox 1724 2939 1777 3006; x_wconf 92' lang='lat' dir='ltr'><strong>diu</strong></span> <span class='ocrx_word' id='word_1_257' title='bbox 1797 2939 1895 3005; x_wconf 84' lang='lat' dir='ltr'><strong>vitam</strong></span> <span class='ocrx_word' id='word_1_258' title='bbox 1914 2957 2026 3023; x_wconf 86' lang='lat' dir='ltr'><strong>egens,</strong></span> <span class='ocrx_word' id='word_1_259' title='bbox 2065 2945 2291 3026; x_wconf 86' lang='lat' dir='ltr'><strong>peregrinando</strong></span> 
     </span>
     <span class='ocr_line' id='line_1_23' title="bbox 500 3048 2290 3140; baseline -0.005 -13"><span class='ocrx_word' id='word_1_260' title='bbox 500 3074 650 3140; x_wconf 88' lang='lat' dir='ltr'><strong>arcesque</strong></span> <span class='ocrx_word' id='word_1_261' title='bbox 669 3052 843 3138; x_wconf 88' lang='lat' dir='ltr'><strong>principum</strong></span> <span class='ocrx_word' id='word_1_262' title='bbox 863 3048 1035 3131; x_wconf 87' lang='lat' dir='ltr'><strong>visitando,</strong></span> <span class='ocrx_word' id='word_1_263' title='bbox 1062 3053 1189 3116; x_wconf 82' lang='grc' dir='ltr'>ιιιιιιιιιι</span> <span class='ocrx_word' id='word_1_264' title='bbox 1209 3050 1292 3115; x_wconf 87' lang='lat' dir='ltr'><strong>inter</strong></span> <span class='ocrx_word' id='word_1_265' title='bbox 1311 3051 1477 3136; x_wconf 84' lang='lat' dir='ltr'><strong>populares</strong></span> <span class='ocrx_word' id='word_1_266' title='bbox 1498 3050 1651 3133; x_wconf 89' lang='lat' dir='ltr'><strong>coluerat,</strong></span> <span class='ocrx_word' id='word_1_267' title='bbox 1678 3055 1845 3134; x_wconf 68' lang='lat' dir='ltr'><strong>numquam</strong></span> <span class='ocrx_word' id='word_1_268' title='bbox 1864 3050 1972 3116; x_wconf 91' lang='lat' dir='ltr'><strong>ordine</strong></span> <span class='ocrx_word' id='word_1_269' title='bbox 2001 3067 2090 3117; x_wconf 87' lang='lat' dir='ltr'><strong>sacro</strong></span> <span class='ocrx_word' id='word_1_270' title='bbox 2109 3057 2227 3136; x_wconf 90' lang='lat' dir='ltr'><strong>sumto,</strong></span> <span class='ocrx_word' id='word_1_271' title='bbox 2254 3060 2290 3119; x_wconf 89' lang='lat' dir='ltr'><strong>nt</strong></span> 
     </span>
     <span class='ocr_line' id='line_1_24' title="bbox 499 3158 2030 3246; baseline -0.007 -10"><span class='ocrx_word' id='word_1_272' title='bbox 499 3170 661 3236; x_wconf 87' lang='lat' dir='ltr'><strong>literarum</strong></span> <span class='ocrx_word' id='word_1_273' title='bbox 682 3161 786 3230; x_wconf 87' lang='lat' dir='ltr'><strong>studia</strong></span> <span class='ocrx_word' id='word_1_274' title='bbox 805 3158 973 3243; x_wconf 85' lang='lat' dir='ltr'><strong>poesinque</strong></span> <span class='ocrx_word' id='word_1_275' title='bbox 994 3176 1079 3224; x_wconf 90' lang='lat' dir='ltr'><strong>mere</strong></span> <span class='ocrx_word' id='word_1_276' title='bbox 1101 3159 1340 3226; x_wconf 79' lang='lat' dir='ltr'><strong>ecclesiasticam</strong></span> <span class='ocrx_word' id='word_1_277' title='bbox 1362 3166 1522 3226; x_wconf 86' lang='lat' dir='ltr'><strong>exerceret</strong></span> <span class='ocrx_word' id='word_1_278' title='bbox 1541 3160 1574 3226; x_wconf 94' lang='lat' dir='ltr'><strong>in</strong></span> <span class='ocrx_word' id='word_1_279' title='bbox 1595 3159 1793 3226; x_wconf 90' lang='lat' dir='ltr'><strong>solitudinem</strong></span> <span class='ocrx_word' id='word_1_280' title='bbox 1816 3177 1849 3224; x_wconf 90' lang='lat' dir='ltr'><strong>se</strong></span> <span class='ocrx_word' id='word_1_281' title='bbox 1868 3161 2030 3246; x_wconf 88' lang='lat' dir='ltr'><strong>reciperet.</strong></span> 
     </span>
    </p>

    <p class='ocr_par' dir='ltr' id='par_1_5' title="bbox 500 3267 2290 4000">
     <span class='ocr_line' id='line_1_25' title="bbox 582 3267 2288 3356; baseline -0.004 -15"><span class='ocrx_word' id='word_1_282' title='bbox 582 3275 750 3356; x_wconf 82' lang='lat' dir='ltr'><strong>Ahquanto</strong></span> <span class='ocrx_word' id='word_1_283' title='bbox 771 3269 924 3352; x_wconf 87' lang='lat' dir='ltr'><strong>gravioris</strong></span> <span class='ocrx_word' id='word_1_284' title='bbox 943 3268 1092 3338; x_wconf 91' lang='lat' dir='ltr'><strong>momenti</strong></span> <span class='ocrx_word' id='word_1_285' title='bbox 1111 3286 1149 3334; x_wconf 90' lang='lat' dir='ltr'><strong>ea</strong></span> <span class='ocrx_word' id='word_1_286' title='bbox 1162 3270 1264 3350; x_wconf 88' lang='lat' dir='ltr'><strong>primo</strong></span> <span class='ocrx_word' id='word_1_287' title='bbox 1284 3268 1396 3336; x_wconf 91' lang='lat' dir='ltr'><strong>obtutu</strong></span> <span class='ocrx_word' id='word_1_288' title='bbox 1416 3287 1484 3336; x_wconf 89' lang='lat' dir='ltr'><strong>esee</strong></span> <span class='ocrx_word' id='word_1_289' title='bbox 1505 3269 1659 3352; x_wconf 81' lang='lat' dir='ltr'><strong>videntum,</strong></span> <span class='ocrx_word' id='word_1_290' title='bbox 1680 3287 1759 3351; x_wconf 88' lang='lat' dir='ltr'><strong>quoe</strong></span> <span class='ocrx_word' id='word_1_291' title='bbox 1779 3287 1817 3334; x_wconf 81' lang='lat' dir='ltr'><strong>ex</strong></span> <span class='ocrx_word' id='word_1_292' title='bbox 1839 3288 1967 3351; x_wconf 87' lang='lat' dir='ltr'><strong>poeseos</strong></span> <span class='ocrx_word' id='word_1_293' title='bbox 1981 3267 2143 3354; x_wconf 83' lang='lat' dir='ltr'><strong>Cynevulfi</strong></span> <span class='ocrx_word' id='word_1_294' title='bbox 2165 3268 2288 3336; x_wconf 80' lang='lat' dir='ltr'><strong>intenta</strong></span> 
     </span>
     <span class='ocr_line' id='line_1_26' title="bbox 500 3377 2289 3459; baseline -0.006 -7"><span class='ocrx_word' id='word_1_295' title='bbox 500 3384 603 3452; x_wconf 90' lang='lat' dir='ltr'><strong>indole</strong></span> <span class='ocrx_word' id='word_1_296' title='bbox 616 3387 649 3448; x_wconf 90' lang='lat' dir='ltr'><strong>et</strong></span> <span class='ocrx_word' id='word_1_297' title='bbox 662 3379 828 3446; x_wconf 86' lang='lat' dir='ltr'><strong>rationein</strong></span> <span class='ocrx_word' id='word_1_298' title='bbox 840 3379 975 3444; x_wconf 91' lang='lat' dir='ltr'><strong>medium</strong></span> <span class='ocrx_word' id='word_1_299' title='bbox 988 3378 1112 3458; x_wconf 83' lang='lat' dir='ltr'><strong>prototo</strong></span> <span class='ocrx_word' id='word_1_300' title='bbox 1125 3383 1199 3443; x_wconf 88' lang='lat' dir='ltr'><strong>suut</strong></span> <span class='ocrx_word' id='word_1_301' title='bbox 1212 3377 1252 3442; x_wconf 88' lang='lat' dir='ltr'><strong>ad</strong></span> <span class='ocrx_word' id='word_1_302' title='bbox 1272 3378 1476 3442; x_wconf 89' lang='lat' dir='ltr'><strong>recentiorem</strong></span> <span class='ocrx_word' id='word_1_303' title='bbox 1490 3382 1575 3442; x_wconf 90' lang='lat' dir='ltr'><strong>certe</strong></span> <span class='ocrx_word' id='word_1_304' title='bbox 1595 3381 1731 3442; x_wconf 86' lang='lat' dir='ltr'><strong>oetatem</strong></span> <span class='ocrx_word' id='word_1_305' title='bbox 1746 3377 2015 3459; x_wconf 88' lang='lat' dir='ltr'><strong>comprobandam,</strong></span> <span class='ocrx_word' id='word_1_306' title='bbox 2037 3395 2116 3458; x_wconf 89' lang='lat' dir='ltr'><strong>quae</strong></span> <span class='ocrx_word' id='word_1_307' title='bbox 2130 3377 2289 3442; x_wconf 88' lang='lat' dir='ltr'><strong>evidenter</strong></span> 
     </span>
     <span class='ocr_line' id='line_1_27' title="bbox 501 3483 2286 3572; baseline -0.006 -11"><span class='ocrx_word' id='word_1_308' title='bbox 501 3495 541 3562; x_wconf 91' lang='lat' dir='ltr'><strong>ab</strong></span> <span class='ocrx_word' id='word_1_309' title='bbox 569 3490 756 3572; x_wconf 87' lang='lat' dir='ltr'><strong>antiquitate</strong></span> <span class='ocrx_word' id='word_1_310' title='bbox 782 3485 952 3552; x_wconf 75' lang='lat' dir='ltr'><strong>carolinum</strong></span> <span class='ocrx_word' id='word_1_311' title='bbox 981 3485 1137 3567; x_wconf 87' lang='lat' dir='ltr'><strong>epicurum</strong></span> <span class='ocrx_word' id='word_1_312' title='bbox 1163 3490 1200 3551; x_wconf 93' lang='lat' dir='ltr'><strong>ut</strong></span> <span class='ocrx_word' id='word_1_313' title='bbox 1225 3485 1379 3567; x_wconf 85' lang='lat' dir='ltr'><strong>Beuvoulfi,</strong></span> <span class='ocrx_word' id='word_1_314' title='bbox 1416 3486 1508 3568; x_wconf 89' lang='lat' dir='ltr'><strong>longe</strong></span> <span class='ocrx_word' id='word_1_315' title='bbox 1537 3486 1681 3552; x_wconf 88' lang='lat' dir='ltr'><strong>distaret.</strong></span> <span class='ocrx_word' id='word_1_316' title='bbox 1722 3485 1891 3551; x_wconf 76' lang='lat' dir='ltr'><strong>Kanblo&#39;os</strong></span> <span class='ocrx_word' id='word_1_317' title='bbox 1921 3485 1974 3551; x_wconf 93' lang='lat' dir='ltr'><strong>ubi</strong></span> <span class='ocrx_word' id='word_1_318' title='bbox 2007 3489 2117 3552; x_wconf 86' lang='lat' dir='ltr'><strong>contra</strong></span> <span class='ocrx_word' id='word_1_319' title='bbox 2144 3483 2286 3550; x_wconf 91' lang='lat' dir='ltr'><strong>Grimmii</strong></span> 
     </span>
     <span class='ocr_line' id='line_1_28' title="bbox 503 3592 2287 3682; baseline -0.006 -13"><span class='ocrx_word' id='word_1_320' title='bbox 503 3601 689 3670; x_wconf 89' lang='lat' dir='ltr'><strong>sententiam</strong></span> <span class='ocrx_word' id='word_1_321' title='bbox 708 3613 804 3678; x_wconf 86' lang='lat' dir='ltr'><strong>opera</strong></span> <span class='ocrx_word' id='word_1_322' title='bbox 823 3595 946 3682; x_wconf 83' lang='lat' dir='ltr'><strong>poetica</strong></span> <span class='ocrx_word' id='word_1_323' title='bbox 977 3594 1091 3660; x_wconf 89' lang='lat' dir='ltr'><strong>codicis</strong></span> <span class='ocrx_word' id='word_1_324' title='bbox 1113 3593 1318 3662; x_wconf 81' lang='lat' dir='ltr'><strong>vercellensis</strong></span> <span class='ocrx_word' id='word_1_325' title='bbox 1338 3595 1471 3660; x_wconf 86' lang='lat' dir='ltr'><strong>Kenulfo</strong></span> <span class='ocrx_word' id='word_1_326' title='bbox 1493 3592 1734 3674; x_wconf 88' lang='lat' dir='ltr'><strong>Petroburgeusi</strong></span> <span class='ocrx_word' id='word_1_327' title='bbox 1760 3593 1918 3669; x_wconf 67' lang='lat' dir='ltr'><strong>vvindicare</strong></span> <span class='ocrx_word' id='word_1_328' title='bbox 1940 3592 2061 3674; x_wconf 90' lang='lat' dir='ltr'><strong>studet,</strong></span> <span class='ocrx_word' id='word_1_329' title='bbox 2094 3593 2140 3657; x_wconf 85' lang='lat' dir='ltr'><strong>ita</strong></span> <span class='ocrx_word' id='word_1_330' title='bbox 2165 3595 2287 3674; x_wconf 88' lang='lat' dir='ltr'><strong>pergit:</strong></span> 
     </span>
     <span class='ocr_line' id='line_1_29' title="bbox 503 3697 2286 3787; baseline -0.007 -9"><span class='ocrx_word' id='word_1_331' title='bbox 503 3711 553 3778; x_wconf 87' lang='lat' dir='ltr'><strong>lle</strong></span> <span class='ocrx_word' id='word_1_332' title='bbox 575 3707 646 3774; x_wconf 92' lang='lat' dir='ltr'><strong>died</strong></span> <span class='ocrx_word' id='word_1_333' title='bbox 667 3707 700 3772; x_wconf 95' lang='lat' dir='ltr'><strong>in</strong></span> <span class='ocrx_word' id='word_1_334' title='bbox 722 3704 862 3787; x_wconf 67' lang='lat'>101422)</span> <span class='ocrx_word' id='word_1_335' title='bbox 885 3701 947 3768; x_wconf 89' lang='lat' dir='ltr'><strong>and</strong></span> <span class='ocrx_word' id='word_1_336' title='bbox 969 3701 1135 3782; x_wconf 87' lang='lat' dir='ltr'><strong>according</strong></span> <span class='ocrx_word' id='word_1_337' title='bbox 1156 3705 1193 3768; x_wconf 88' lang='lat' dir='ltr'><strong>to.</strong></span> <span class='ocrx_word' id='word_1_338' title='bbox 1210 3720 1262 3784; x_wconf 85' lang='lat' dir='ltr'><strong>my</strong></span> <span class='ocrx_word' id='word_1_339' title='bbox 1285 3703 1362 3768; x_wconf 91' lang='lat' dir='ltr'><strong>vievv</strong></span> <span class='ocrx_word' id='word_1_340' title='bbox 1381 3703 1409 3770; x_wconf 89' lang='lat' dir='ltr'><strong>is</strong></span> <span class='ocrx_word' id='word_1_341' title='bbox 1429 3719 1515 3766; x_wconf 91' lang='lat' dir='ltr'><strong>more</strong></span> <span class='ocrx_word' id='word_1_342' title='bbox 1534 3699 1629 3782; x_wconf 81' lang='lat' dir='ltr'><strong>likely</strong></span> <span class='ocrx_word' id='word_1_343' title='bbox 1651 3705 1684 3765; x_wconf 93' lang='lat' dir='ltr'><strong>to</strong></span> <span class='ocrx_word' id='word_1_344' title='bbox 1704 3698 1783 3764; x_wconf 89' lang='lat' dir='ltr'><strong>bave</strong></span> <span class='ocrx_word' id='word_1_345' title='bbox 1804 3697 1967 3780; x_wconf 88' lang='lat' dir='ltr'><strong>composed</strong></span> <span class='ocrx_word' id='word_1_346' title='bbox 1980 3697 2068 3762; x_wconf 89' lang='lat' dir='ltr'><strong>these</strong></span> <span class='ocrx_word' id='word_1_347' title='bbox 2081 3715 2187 3780; x_wconf 79' lang='lat' dir='ltr'><strong>poema</strong></span> <span class='ocrx_word' id='word_1_348' title='bbox 2208 3699 2286 3766; x_wconf 89' lang='lat' dir='ltr'><strong>than</strong></span> 
     </span>
     <span class='ocr_line' id='line_1_30' title="bbox 504 3802 2288 3886; baseline -0.005 -5"><span class='ocrx_word' id='word_1_349' title='bbox 504 3834 546 3881; x_wconf 91' lang='lat' dir='ltr'><strong>an</strong></span> <span class='ocrx_word' id='word_1_350' title='bbox 566 3813 679 3880; x_wconf 86' lang='lat' dir='ltr'><strong>earlier</strong></span> <span class='ocrx_word' id='word_1_351' title='bbox 697 3810 819 3877; x_wconf 87' lang='lat' dir='ltr'><strong>author.</strong></span> <span class='ocrx_word' id='word_1_352' title='bbox 862 3809 925 3874; x_wconf 91' lang='lat' dir='ltr'><strong>For</strong></span> <span class='ocrx_word' id='word_1_353' title='bbox 946 3807 1025 3873; x_wconf 80' lang='lat' dir='ltr'><strong>hom</strong></span> <span class='ocrx_word' id='word_1_354' title='bbox 1046 3805 1182 3872; x_wconf 86' lang='lat' dir='ltr'><strong>internol</strong></span> <span class='ocrx_word' id='word_1_355' title='bbox 1200 3807 1345 3876; x_wconf 83' lang='lat' dir='ltr'><strong>evidence</strong></span> <span class='ocrx_word' id='word_1_356' title='bbox 1371 3807 1399 3872; x_wconf 91' lang='lat' dir='ltr'><strong>it</strong></span> <span class='ocrx_word' id='word_1_357' title='bbox 1425 3823 1525 3872; x_wconf 87' lang='lat' dir='ltr'><strong>seems</strong></span> <span class='ocrx_word' id='word_1_358' title='bbox 1551 3812 1584 3872; x_wconf 93' lang='lat' dir='ltr'><strong>to</strong></span> <span class='ocrx_word' id='word_1_359' title='bbox 1611 3824 1662 3871; x_wconf 90' lang='lat' dir='ltr'><strong>me</strong></span> <span class='ocrx_word' id='word_1_360' title='bbox 1685 3804 1756 3870; x_wconf 89' lang='lat' dir='ltr'><strong>that</strong></span> <span class='ocrx_word' id='word_1_361' title='bbox 1769 3804 1837 3869; x_wconf 80' lang='lat' dir='ltr'><strong>the</strong></span> <span class='ocrx_word' id='word_1_362' title='bbox 1856 3802 1988 3868; x_wconf 83' lang='lat' dir='ltr'><strong>Vercelli</strong></span> <span class='ocrx_word' id='word_1_363' title='bbox 2015 3821 2121 3886; x_wconf 91' lang='lat' dir='ltr'><strong>poems</strong></span> <span class='ocrx_word' id='word_1_364' title='bbox 2149 3823 2204 3870; x_wconf 87' lang='lat' dir='ltr'><strong>are</strong></span> <span class='ocrx_word' id='word_1_365' title='bbox 2231 3812 2288 3872; x_wconf 94' lang='lat' dir='ltr'><strong>not</strong></span> 
     </span>
     <span class='ocr_line' id='line_1_31' title="bbox 503 3909 2290 4000; baseline -0.006 -11"><span class='ocrx_word' id='word_1_366' title='bbox 503 3921 654 3990; x_wconf 83' lang='lat' dir='ltr'><strong>resemble</strong></span> <span class='ocrx_word' id='word_1_367' title='bbox 681 3923 714 3985; x_wconf 93' lang='lat' dir='ltr'><strong>to</strong></span> <span class='ocrx_word' id='word_1_368' title='bbox 741 3916 796 3982; x_wconf 89' lang='lat' dir='ltr'><strong>the</strong></span> <span class='ocrx_word' id='word_1_369' title='bbox 823 3914 875 3983; x_wconf 96' lang='lat' dir='ltr'><strong>old</strong></span> <span class='ocrx_word' id='word_1_370' title='bbox 894 3913 956 3980; x_wconf 89' lang='lat' dir='ltr'><strong>and</strong></span> <span class='ocrx_word' id='word_1_371' title='bbox 976 3912 1085 4000; x_wconf 85' lang='lat' dir='ltr'><strong>purely</strong></span> <span class='ocrx_word' id='word_1_372' title='bbox 1113 3913 1181 3995; x_wconf 90' lang='lat' dir='ltr'><strong>epic</strong></span> <span class='ocrx_word' id='word_1_373' title='bbox 1203 3913 1320 3995; x_wconf 91' lang='lat' dir='ltr'><strong>period.</strong></span> <span class='ocrx_word' id='word_1_374' title='bbox 1364 3912 1465 3979; x_wconf 93' lang='lat' dir='ltr'><strong>There</strong></span> <span class='ocrx_word' id='word_1_375' title='bbox 1494 3930 1602 3980; x_wconf 83' lang='lat' dir='ltr'><strong>occurs</strong></span> <span class='ocrx_word' id='word_1_376' title='bbox 1633 3911 1713 3978; x_wconf 84' lang='lat' dir='ltr'><strong>from</strong></span> <span class='ocrx_word' id='word_1_377' title='bbox 1735 3911 1811 3976; x_wconf 90' lang='lat' dir='ltr'><strong>time</strong></span> <span class='ocrx_word' id='word_1_378' title='bbox 1831 3914 1864 3975; x_wconf 91' lang='lat' dir='ltr'><strong>to</strong></span> <span class='ocrx_word' id='word_1_379' title='bbox 1881 3909 1956 3974; x_wconf 90' lang='lat' dir='ltr'><strong>time</strong></span> <span class='ocrx_word' id='word_1_380' title='bbox 1975 3909 2151 3991; x_wconf 86' lang='lat' dir='ltr'><strong>something</strong></span> <span class='ocrx_word' id='word_1_381' title='bbox 2172 3911 2208 3976; x_wconf 84' lang='lat' dir='ltr'><strong>oi</strong></span> <span class='ocrx_word' id='word_1_382' title='bbox 2232 3913 2290 3978; x_wconf 88' lang='lat' dir='ltr'><strong>the</strong></span> 
     </span>
    </p>
   </div>
   <div class='ocr_carea' id='block_1_3' title="bbox 504 4118 2289 4192">
    <p class='ocr_par' dir='ltr' id='par_1_6' title="bbox 504 4118 2289 4192">
     <span class='ocr_line' id='line_1_32' title="bbox 504 4118 2289 4192; baseline -0.006 -3"><span class='ocrx_word' id='word_1_383' title='bbox 504 4135 629 4190; x_wconf 85' lang='lat' dir='ltr'><strong>editorum</strong></span> <span class='ocrx_word' id='word_1_384' title='bbox 647 4131 715 4184; x_wconf 86' lang='grc'><strong>1005</strong></span> <span class='ocrx_word' id='word_1_385' title='bbox 733 4126 856 4182; x_wconf 80' lang='grc' dir='ltr'>ιιιιιιιιῐιιι</span> <span class='ocrx_word' id='word_1_386' title='bbox 882 4124 966 4177; x_wconf 82' lang='lat' dir='ltr'><strong>adhue</strong></span> <span class='ocrx_word' id='word_1_387' title='bbox 981 4122 1062 4179; x_wconf 78' lang='lat' dir='ltr'><strong>abban</strong></span> <span class='ocrx_word' id='word_1_388' title='bbox 1085 4122 1149 4190; x_wconf 83' lang='lat' dir='ltr'><strong>inuit,</strong></span> <span class='ocrx_word' id='word_1_389' title='bbox 1186 4139 1323 4177; x_wconf 81' lang='lat' dir='ltr'><strong>succensor</strong></span> <span class='ocrx_word' id='word_1_390' title='bbox 1343 4123 1400 4190; x_wconf 81' lang='lat' dir='ltr'><strong>ejus</strong></span> <span class='ocrx_word' id='word_1_391' title='bbox 1421 4123 1447 4176; x_wconf 91' lang='lat' dir='ltr'><strong>in</strong></span> <span class='ocrx_word' id='word_1_392' title='bbox 1476 4125 1626 4192; x_wconf 80' lang='lat' dir='ltr'><strong>episcepntu</strong></span> <span class='ocrx_word' id='word_1_393' title='bbox 1643 4121 1817 4176; x_wconf 78' lang='lat' dir='ltr'><strong>wintoniensi</strong></span> <span class='ocrx_word' id='word_1_394' title='bbox 1835 4118 2015 4174; x_wconf 79' lang='lat' dir='ltr'><strong>Ethelwnlduo</strong></span> <span class='ocrx_word' id='word_1_395' title='bbox 2040 4121 2150 4190; x_wconf 82' lang='lat' dir='ltr'><strong>priunum</strong></span> <span class='ocrx_word' id='word_1_396' title='bbox 2175 4139 2199 4176; x_wconf 91' lang='grc' dir='ltr'><strong>ι.</strong></span> <span class='ocrx_word' id='word_1_397' title='bbox 2221 4124 2289 4179; x_wconf 78' lang='lat' dir='ltr'><strong>tout</strong></span> 
     </span>
    </p>
   </div>
   <div class='ocr_carea' id='block_1_4' title="bbox 502 4214 2287 5229">
    <p class='ocr_par' dir='ltr' id='par_1_7' title="bbox 504 4214 2027 4290">
     <span class='ocr_line' id='line_1_33' title="bbox 504 4214 2027 4290; baseline -0.009 -12"><span class='ocrx_word' id='word_1_398' title='bbox 504 4225 644 4280; x_wconf 83' lang='lat' dir='ltr'><strong>modernus</strong></span> <span class='ocrx_word' id='word_1_399' title='bbox 663 4223 800 4290; x_wconf 80' lang='lat' dir='ltr'><strong>epiecopus</strong></span> <span class='ocrx_word' id='word_1_400' title='bbox 820 4221 983 4282; x_wconf 82' lang='lat' dir='ltr'><strong>nominetur,</strong></span> <span class='ocrx_word' id='word_1_401' title='bbox 1000 4221 1150 4270; x_wconf 74' lang='lat' dir='ltr'><strong>antecessor</strong></span> <span class='ocrx_word' id='word_1_402' title='bbox 1167 4216 1301 4287; x_wconf 80' lang='lat' dir='ltr'><strong>Elpheguo</strong></span> <span class='ocrx_word' id='word_1_403' title='bbox 1317 4218 1373 4270; x_wconf 83' lang='lat' dir='ltr'><strong>eive</strong></span> <span class='ocrx_word' id='word_1_404' title='bbox 1391 4215 1520 4270; x_wconf 78' lang='lat' dir='ltr'><strong>Aellhenb</strong></span> <span class='ocrx_word' id='word_1_405' title='bbox 1539 4217 1607 4270; x_wconf 82' lang='grc'><strong>1006</strong></span> <span class='ocrx_word' id='word_1_406' title='bbox 1625 4216 1727 4268; x_wconf 85' lang='lat' dir='ltr'><strong>demum</strong></span> <span class='ocrx_word' id='word_1_407' title='bbox 1745 4231 1788 4284; x_wconf 89' lang='lat' dir='ltr'><strong>ep.</strong></span> <span class='ocrx_word' id='word_1_408' title='bbox 1806 4215 1895 4270; x_wconf 83' lang='lat' dir='ltr'><strong>oedem</strong></span> <span class='ocrx_word' id='word_1_409' title='bbox 1913 4214 2027 4284; x_wconf 84' lang='lat' dir='ltr'><strong>reliquit.</strong></span> 
     </span>
    </p>

    <p class='ocr_par' dir='ltr' id='par_1_8' title="bbox 504 4306 2287 4570">
     <span class='ocr_line' id='line_1_34' title="bbox 571 4306 2287 4384; baseline -0.006 -13"><span class='ocrx_word' id='word_1_410' title='bbox 571 4320 618 4384; x_wconf 80' lang='lat'><strong>21)</strong></span> <span class='ocrx_word' id='word_1_411' title='bbox 635 4316 666 4370; x_wconf 89' lang='lat' dir='ltr'><strong>lo</strong></span> <span class='ocrx_word' id='word_1_412' title='bbox 684 4315 787 4382; x_wconf 87' lang='lat' dir='ltr'><strong>llnuptii</strong></span> <span class='ocrx_word' id='word_1_413' title='bbox 805 4312 864 4381; x_wconf 86' lang='lat' dir='ltr'><strong>eph.</strong></span> <span class='ocrx_word' id='word_1_414' title='bbox 882 4328 906 4367; x_wconf 85' lang='grc' dir='ltr'><strong>ι.</strong></span> <span class='ocrx_word' id='word_1_415' title='bbox 926 4309 993 4364; x_wconf 85' lang='grc'>1853</span> <span class='ocrx_word' id='word_1_416' title='bbox 1011 4309 1061 4374; x_wconf 84' lang='lat' dir='ltr'><strong>itt,</strong></span> <span class='ocrx_word' id='word_1_417' title='bbox 1090 4311 1142 4362; x_wconf 72' lang='lat'><strong>2¹2</strong></span> <span class='ocrx_word' id='word_1_418' title='bbox 1160 4308 1193 4363; x_wconf 87' lang='lat' dir='ltr'><strong>ci.</strong></span> <span class='ocrx_word' id='word_1_419' title='bbox 1212 4309 1272 4362; x_wconf 81' lang='lat'><strong>20⁴.</strong></span> <span class='ocrx_word' id='word_1_420' title='bbox 1290 4317 1381 4361; x_wconf 85' lang='lat' dir='ltr'><strong>contra</strong></span> <span class='ocrx_word' id='word_1_421' title='bbox 1399 4307 1537 4376; x_wconf 83' lang='lat' dir='ltr'><strong>Tborpium</strong></span> <span class='ocrx_word' id='word_1_422' title='bbox 1554 4308 1608 4361; x_wconf 81' lang='lat' dir='ltr'><strong>Tho</strong></span> <span class='ocrx_word' id='word_1_423' title='bbox 1627 4306 1750 4360; x_wconf 83' lang='lat' dir='ltr'><strong>llornilieo</strong></span> <span class='ocrx_word' id='word_1_424' title='bbox 1773 4307 1801 4360; x_wconf 90' lang='lat' dir='ltr'><strong>ol</strong></span> <span class='ocrx_word' id='word_1_425' title='bbox 1817 4306 1924 4362; x_wconf 78' lang='lat' dir='ltr'><strong>Aeliric.</strong></span> <span class='ocrx_word' id='word_1_426' title='bbox 1948 4308 2041 4374; x_wconf 79' lang='lat' dir='ltr'><strong>(tell)</strong></span> <span class='ocrx_word' id='word_1_427' title='bbox 2065 4307 2126 4365; x_wconf 84' lang='lat' dir='ltr'><strong>Vol.</strong></span> <span class='ocrx_word' id='word_1_428' title='bbox 2144 4309 2156 4362; x_wconf 95' lang='lat' dir='ltr'><strong>l</strong></span> <span class='ocrx_word' id='word_1_429' title='bbox 2182 4326 2209 4379; x_wconf 88' lang='lat' dir='ltr'><strong>p.</strong></span> <span class='ocrx_word' id='word_1_430' title='bbox 2227 4314 2287 4368; x_wconf 80' lang='lat'><strong>622,</strong></span> 
     </span>
     <span class='ocr_line' id='line_1_35' title="bbox 505 4399 2285 4478; baseline -0.005 -10"><span class='ocrx_word' id='word_1_431' title='bbox 505 4415 586 4468; x_wconf 80' lang='lat' dir='ltr'><strong>locun</strong></span> <span class='ocrx_word' id='word_1_432' title='bbox 605 4409 734 4478; x_wconf 85' lang='lat' dir='ltr'><strong>Gregorii,</strong></span> <span class='ocrx_word' id='word_1_433' title='bbox 754 4405 822 4475; x_wconf 88' lang='lat' dir='ltr'><strong>Opp.</strong></span> <span class='ocrx_word' id='word_1_434' title='bbox 842 4405 883 4457; x_wconf 88' lang='lat' dir='ltr'><strong>ed.</strong></span> <span class='ocrx_word' id='word_1_435' title='bbox 902 4403 1000 4458; x_wconf 80' lang='lat' dir='ltr'><strong>Bened.</strong></span> <span class='ocrx_word' id='word_1_436' title='bbox 1019 4403 1031 4458; x_wconf 95' lang='lat' dir='ltr'><strong>l</strong></span> <span class='ocrx_word' id='word_1_437' title='bbox 1051 4416 1076 4471; x_wconf 87' lang='lat' dir='ltr'><strong>p.</strong></span> <span class='ocrx_word' id='word_1_438' title='bbox 1095 4402 1164 4456; x_wconf 80' lang='lat'>1⁴68</span> <span class='ocrx_word' id='word_1_439' title='bbox 1181 4401 1272 4470; x_wconf 84' lang='lat' dir='ltr'><strong>incipit</strong></span> <span class='ocrx_word' id='word_1_440' title='bbox 1290 4419 1304 4454; x_wconf 92' lang='grc' dir='ltr'><strong>ιι</strong></span> <span class='ocrx_word' id='word_1_441' title='bbox 1322 4399 1425 4454; x_wconf 83' lang='lat' dir='ltr'><strong>verbis:</strong></span> <span class='ocrx_word' id='word_1_442' title='bbox 1444 4399 1552 4468; x_wconf 83' lang='lat' dir='ltr'><strong>„Omnia</strong></span> <span class='ocrx_word' id='word_1_443' title='bbox 1571 4402 1667 4470; x_wconf 85' lang='lat' dir='ltr'><strong>quippe</strong></span> <span class='ocrx_word' id='word_1_444' title='bbox 1684 4399 1811 4456; x_wconf 80' lang='lat' dir='ltr'><strong>elemento</strong></span> <span class='ocrx_word' id='word_1_445' title='bbox 1830 4407 1962 4453; x_wconf 79' lang='lat' dir='ltr'><strong>auctorem</strong></span> <span class='ocrx_word' id='word_1_446' title='bbox 1979 4417 2054 4454; x_wconf 86' lang='lat' dir='ltr'><strong>suurn</strong></span> <span class='ocrx_word' id='word_1_447' title='bbox 2072 4403 2175 4458; x_wconf 79' lang='lat' dir='ltr'><strong>ventose</strong></span> <span class='ocrx_word' id='word_1_448' title='bbox 2194 4412 2285 4459; x_wconf 79' lang='grc' dir='ltr'>ιιιιιιιιι</span> 
     </span>
     <span class='ocr_line' id='line_1_36' title="bbox 504 4495 1192 4570; baseline -0.019 -9"><span class='ocrx_word' id='word_1_449' title='bbox 504 4505 597 4569; x_wconf 81' lang='lat' dir='ltr'><strong>sunt“,</strong></span> <span class='ocrx_word' id='word_1_450' title='bbox 614 4512 640 4556; x_wconf 85' lang='lat' dir='ltr'><strong>et</strong></span> <span class='ocrx_word' id='word_1_451' title='bbox 658 4500 798 4570; x_wconf 85' lang='lat' dir='ltr'><strong>respondet</strong></span> <span class='ocrx_word' id='word_1_452' title='bbox 814 4495 932 4551; x_wconf 71' lang='lat' dir='ltr'><strong>versibus</strong></span> <span class='ocrx_word' id='word_1_453' title='bbox 951 4495 994 4550; x_wconf 81' lang='lat' dir='ltr'><strong>Gr.</strong></span> <span class='ocrx_word' id='word_1_454' title='bbox 1012 4495 1192 4550; x_wconf 72' lang='lat' dir='ltr'><strong>ltus-1189.</strong></span> 
     </span>
    </p>

    <p class='ocr_par' dir='ltr' id='par_1_9' title="bbox 504 4585 2287 5030">
     <span class='ocr_line' id='line_1_37' title="bbox 572 4585 2287 4663; baseline -0.003 -14"><span class='ocrx_word' id='word_1_455' title='bbox 572 4597 620 4661; x_wconf 83' lang='lat'><strong>22)</strong></span> <span class='ocrx_word' id='word_1_456' title='bbox 637 4594 712 4663; x_wconf 81' lang='lat' dir='ltr'><strong>Apud</strong></span> <span class='ocrx_word' id='word_1_457' title='bbox 730 4607 820 4644; x_wconf 81' lang='lat' dir='ltr'><strong>ornnes</strong></span> <span class='ocrx_word' id='word_1_458' title='bbox 838 4593 906 4644; x_wconf 85' lang='lat' dir='ltr'><strong>cutm</strong></span> <span class='ocrx_word' id='word_1_459' title='bbox 924 4597 1026 4643; x_wconf 80' lang='lat' dir='ltr'><strong>constat</strong></span> <span class='ocrx_word' id='word_1_460' title='bbox 1043 4587 1205 4642; x_wconf 81' lang='lat' dir='ltr'><strong>(lollielmurn</strong></span> <span class='ocrx_word' id='word_1_461' title='bbox 1223 4585 1494 4652; x_wconf 79' lang='lat' dir='ltr'><strong>llnlmeeburiensem,</strong></span> <span class='ocrx_word' id='word_1_462' title='bbox 1530 4586 1576 4640; x_wconf 87' lang='lat' dir='ltr'><strong>ubi</strong></span> <span class='ocrx_word' id='word_1_463' title='bbox 1600 4587 1729 4654; x_wconf 77' lang='lat' dir='ltr'><strong>vituperet</strong></span> <span class='ocrx_word' id='word_1_464' title='bbox 1751 4585 1888 4654; x_wconf 79' lang='lat' dir='ltr'><strong>pontifices</strong></span> <span class='ocrx_word' id='word_1_465' title='bbox 1911 4595 1940 4638; x_wconf 86' lang='lat' dir='ltr'><strong>et</strong></span> <span class='ocrx_word' id='word_1_466' title='bbox 1961 4587 2116 4653; x_wconf 78' lang='lat' dir='ltr'><strong>monachos,</strong></span> <span class='ocrx_word' id='word_1_467' title='bbox 2147 4588 2185 4643; x_wconf 89' lang='lat' dir='ltr'><strong>ibl</strong></span> <span class='ocrx_word' id='word_1_468' title='bbox 2202 4591 2287 4658; x_wconf 81' lang='lat' dir='ltr'><strong>potin-</strong></span> 
     </span>
     <span class='ocr_line' id='line_1_38' title="bbox 504 4677 2285 4752; baseline -0.004 -8"><span class='ocrx_word' id='word_1_469' title='bbox 504 4693 596 4745; x_wconf 82' lang='lat' dir='ltr'><strong>simum</strong></span> <span class='ocrx_word' id='word_1_470' title='bbox 615 4687 769 4741; x_wconf 87' lang='lat' dir='ltr'><strong>audiendum</strong></span> <span class='ocrx_word' id='word_1_471' title='bbox 788 4700 861 4746; x_wconf 81' lang='lat' dir='ltr'><strong>esse,</strong></span> <span class='ocrx_word' id='word_1_472' title='bbox 894 4683 937 4736; x_wconf 88' lang='lat' dir='ltr'><strong>hic</strong></span> <span class='ocrx_word' id='word_1_473' title='bbox 956 4691 1042 4736; x_wconf 83' lang='lat' dir='ltr'><strong>entem</strong></span> <span class='ocrx_word' id='word_1_474' title='bbox 1065 4685 1092 4735; x_wconf 89' lang='lat' dir='ltr'><strong>ln</strong></span> <span class='ocrx_word' id='word_1_475' title='bbox 1118 4680 1185 4735; x_wconf 91' lang='lat' dir='ltr'><strong>libro</strong></span> <span class='ocrx_word' id='word_1_476' title='bbox 1210 4681 1243 4734; x_wconf 90' lang='lat' dir='ltr'><strong>de</strong></span> <span class='ocrx_word' id='word_1_477' title='bbox 1259 4684 1339 4751; x_wconf 79' lang='lat' dir='ltr'><strong>gentis</strong></span> <span class='ocrx_word' id='word_1_478' title='bbox 1361 4683 1512 4751; x_wconf 81' lang='lat' dir='ltr'><strong>pontificum</strong></span> <span class='ocrx_word' id='word_1_479' title='bbox 1535 4681 1577 4734; x_wconf 89' lang='lat' dir='ltr'><strong>ed.</strong></span> <span class='ocrx_word' id='word_1_480' title='bbox 1596 4679 1682 4734; x_wconf 80' lang='lat' dir='ltr'><strong>Snvile</strong></span> <span class='ocrx_word' id='word_1_481' title='bbox 1698 4696 1724 4748; x_wconf 88' lang='lat' dir='ltr'><strong>p.</strong></span> <span class='ocrx_word' id='word_1_482' title='bbox 1743 4679 1806 4732; x_wconf 82' lang='grc' dir='ltr'>13οι</span> <span class='ocrx_word' id='word_1_483' title='bbox 1826 4677 1963 4732; x_wconf 79' lang='lat' dir='ltr'><strong>Kenuliurn</strong></span> <span class='ocrx_word' id='word_1_484' title='bbox 1981 4690 2090 4750; x_wconf 82' lang='lat' dir='ltr'><strong>argento</strong></span> <span class='ocrx_word' id='word_1_485' title='bbox 2109 4681 2285 4752; x_wconf 76' lang='lat' dir='ltr'><strong>episcopatum</strong></span> 
     </span>
     <span class='ocr_line' id='line_1_39' title="bbox 505 4771 2286 4846; baseline -0.004 -8"><span class='ocrx_word' id='word_1_486' title='bbox 505 4785 710 4838; x_wconf 80' lang='lat' dir='ltr'><strong>wintoniensem</strong></span> <span class='ocrx_word' id='word_1_487' title='bbox 732 4777 782 4832; x_wconf 82' lang='lat' dir='ltr'><strong>nihi</strong></span> <span class='ocrx_word' id='word_1_488' title='bbox 803 4791 964 4845; x_wconf 71' lang='lat' dir='ltr'><strong>comparasse</strong></span> <span class='ocrx_word' id='word_1_489' title='bbox 991 4785 1092 4842; x_wconf 86' lang='grc' dir='ltr'>ιιιιιτιι,</span> <span class='ocrx_word' id='word_1_490' title='bbox 1120 4791 1195 4846; x_wconf 84' lang='lat' dir='ltr'><strong>quum</strong></span> <span class='ocrx_word' id='word_1_491' title='bbox 1214 4775 1339 4829; x_wconf 79' lang='lat' dir='ltr'><strong>maculam</strong></span> <span class='ocrx_word' id='word_1_492' title='bbox 1356 4775 1432 4844; x_wconf 87' lang='lat' dir='ltr'><strong>llugo</strong></span> <span class='ocrx_word' id='word_1_493' title='bbox 1451 4773 1579 4830; x_wconf 77' lang='lat' dir='ltr'><strong>(laudidus</strong></span> <span class='ocrx_word' id='word_1_494' title='bbox 1600 4775 1627 4826; x_wconf 90' lang='lat' dir='ltr'><strong>in</strong></span> <span class='ocrx_word' id='word_1_495' title='bbox 1653 4787 1715 4826; x_wconf 80' lang='lat' dir='ltr'><strong>suna</strong></span> <span class='ocrx_word' id='word_1_496' title='bbox 1737 4771 1807 4824; x_wconf 82' lang='lat' dir='ltr'><strong>sedis</strong></span> <span class='ocrx_word' id='word_1_497' title='bbox 1832 4771 1924 4824; x_wconf 82' lang='lat' dir='ltr'><strong>abbate</strong></span> <span class='ocrx_word' id='word_1_498' title='bbox 1942 4772 2031 4828; x_wconf 86' lang='lat' dir='ltr'><strong>delere</strong></span> <span class='ocrx_word' id='word_1_499' title='bbox 2049 4773 2163 4829; x_wconf 83' lang='lat' dir='ltr'><strong>voluisse</strong></span> <span class='ocrx_word' id='word_1_500' title='bbox 2182 4777 2286 4830; x_wconf 87' lang='lat' dir='ltr'><strong>videtur</strong></span> 
     </span>
     <span class='ocr_line' id='line_1_40' title="bbox 506 4865 2285 4940; baseline -0.007 -7"><span class='ocrx_word' id='word_1_501' title='bbox 506 4895 563 4933; x_wconf 88' lang='lat' dir='ltr'><strong>cum</strong></span> <span class='ocrx_word' id='word_1_502' title='bbox 583 4876 695 4929; x_wconf 84' lang='lat' dir='ltr'><strong>diceret:</strong></span> <span class='ocrx_word' id='word_1_503' title='bbox 726 4873 810 4926; x_wconf 87' lang='lat' dir='ltr'><strong>donec</strong></span> <span class='ocrx_word' id='word_1_504' title='bbox 835 4878 894 4940; x_wconf 83' lang='lat' dir='ltr'><strong>post</strong></span> <span class='ocrx_word' id='word_1_505' title='bbox 913 4887 1008 4923; x_wconf 81' lang='lat' dir='ltr'><strong>annum</strong></span> <span class='ocrx_word' id='word_1_506' title='bbox 1026 4869 1263 4940; x_wconf 80' lang='lat' dir='ltr'><strong>quatuordecimam</strong></span> <span class='ocrx_word' id='word_1_507' title='bbox 1291 4867 1415 4938; x_wconf 80' lang='lat' dir='ltr'><strong>rapitur</strong></span> <span class='ocrx_word' id='word_1_508' title='bbox 1439 4871 1538 4938; x_wconf 82' lang='lat' dir='ltr'><strong>magis</strong></span> <span class='ocrx_word' id='word_1_509' title='bbox 1559 4883 1651 4938; x_wconf 77' lang='lat' dir='ltr'><strong>quum</strong></span> <span class='ocrx_word' id='word_1_510' title='bbox 1677 4865 1824 4933; x_wconf 85' lang='lat' dir='ltr'><strong>eligitur</strong></span> <span class='ocrx_word' id='word_1_511' title='bbox 1848 4865 1880 4917; x_wconf 77' lang='lat' dir='ltr'><strong>ud</strong></span> <span class='ocrx_word' id='word_1_512' title='bbox 1904 4867 2081 4933; x_wconf 80' lang='lat' dir='ltr'><strong>pontificatum</strong></span> <span class='ocrx_word' id='word_1_513' title='bbox 2098 4869 2285 4922; x_wconf 79' lang='lat' dir='ltr'><strong>wintoniensis</strong></span> 
     </span>
     <span class='ocr_line' id='line_1_41' title="bbox 504 4973 624 5030; baseline -0.033 0"><span class='ocrx_word' id='word_1_514' title='bbox 504 4973 624 5030; x_wconf 79' lang='grc' dir='ltr'>ιίιὶιιιίι.</span> 
     </span>
    </p>

    <p class='ocr_par' dir='ltr' id='par_1_10' title="bbox 502 5050 2286 5229">
     <span class='ocr_line' id='line_1_42' title="bbox 574 5050 2285 5130; baseline -0.006 -10"><span class='ocrx_word' id='word_1_515' title='bbox 574 5068 622 5130; x_wconf 84' lang='grc'><strong>23)</strong></span> <span class='ocrx_word' id='word_1_516' title='bbox 640 5063 720 5116; x_wconf 81' lang='lat' dir='ltr'><strong>Error</strong></span> <span class='ocrx_word' id='word_1_517' title='bbox 738 5055 886 5112; x_wconf 80' lang='lat' dir='ltr'><strong>montiosum</strong></span> <span class='ocrx_word' id='word_1_518' title='bbox 904 5070 952 5123; x_wconf 89' lang='lat' dir='ltr'><strong>pro</strong></span> <span class='ocrx_word' id='word_1_519' title='bbox 971 5055 1040 5108; x_wconf 86' lang='grc'><strong>1007</strong></span> <span class='ocrx_word' id='word_1_520' title='bbox 1058 5053 1092 5110; x_wconf 90' lang='lat' dir='ltr'><strong>cl.</strong></span> <span class='ocrx_word' id='word_1_521' title='bbox 1111 5062 1165 5109; x_wconf 89' lang='grc' dir='ltr'>ιιοι</span> <span class='ocrx_word' id='word_1_522' title='bbox 1185 5055 1227 5120; x_wconf 82' lang='grc'><strong>20,</strong></span> <span class='ocrx_word' id='word_1_523' title='bbox 1243 5053 1303 5108; x_wconf 89' lang='lat' dir='ltr'><strong>inde</strong></span> <span class='ocrx_word' id='word_1_524' title='bbox 1321 5053 1428 5108; x_wconf 74' lang='lat' dir='ltr'><strong>fortusse</strong></span> <span class='ocrx_word' id='word_1_525' title='bbox 1447 5053 1554 5107; x_wconf 76' lang='lat' dir='ltr'><strong>obortus</strong></span> <span class='ocrx_word' id='word_1_526' title='bbox 1572 5050 1775 5124; x_wconf 74' lang='lat' dir='ltr'><strong>quodllenuIIun</strong></span> <span class='ocrx_word' id='word_1_527' title='bbox 1794 5058 1966 5105; x_wconf 81' lang='lat' dir='ltr'><strong>commutetur</strong></span> <span class='ocrx_word' id='word_1_528' title='bbox 1984 5061 2023 5106; x_wconf 82' lang='lat' dir='ltr'><strong>est</strong></span> <span class='ocrx_word' id='word_1_529' title='bbox 2040 5069 2098 5106; x_wconf 86' lang='lat' dir='ltr'><strong>curn</strong></span> <span class='ocrx_word' id='word_1_530' title='bbox 2116 5051 2285 5109; x_wconf 80' lang='lat' dir='ltr'><strong>Ethelwoldo</strong></span> 
     </span>
     <span class='ocr_line' id='line_1_43' title="bbox 502 5143 2286 5229; baseline -0.008 -16"><span class='ocrx_word' id='word_1_531' title='bbox 502 5159 620 5229; x_wconf 86' lang='lat' dir='ltr'><strong>juniore,</strong></span> <span class='ocrx_word' id='word_1_532' title='bbox 643 5167 793 5210; x_wconf 76' lang='lat' dir='ltr'><strong>successore</strong></span> <span class='ocrx_word' id='word_1_533' title='bbox 811 5149 876 5217; x_wconf 77' lang='lat' dir='ltr'><strong>ejus,</strong></span> <span class='ocrx_word' id='word_1_534' title='bbox 894 5149 939 5218; x_wconf 89' lang='lat' dir='ltr'><strong>qui</strong></span> <span class='ocrx_word' id='word_1_535' title='bbox 956 5149 1024 5202; x_wconf 80' lang='grc'><strong>1014</strong></span> <span class='ocrx_word' id='word_1_536' title='bbox 1042 5157 1158 5202; x_wconf 83' lang='lat' dir='ltr'><strong>mortuno</strong></span> <span class='ocrx_word' id='word_1_537' title='bbox 1176 5157 1215 5201; x_wconf 84' lang='lat' dir='ltr'><strong>ert</strong></span> <span class='ocrx_word' id='word_1_538' title='bbox 1240 5177 1273 5188; x_wconf 92' lang='lat'><em>-</em></span> <span class='ocrx_word' id='word_1_539' title='bbox 1291 5147 1354 5201; x_wconf 83' lang='lat' dir='ltr'><strong>&#39;lota</strong></span> <span class='ocrx_word' id='word_1_540' title='bbox 1372 5155 1457 5200; x_wconf 88' lang='lat' dir='ltr'><strong>autom</strong></span> <span class='ocrx_word' id='word_1_541' title='bbox 1475 5148 1662 5218; x_wconf 74' lang='lat' dir='ltr'><strong>argumentatio</strong></span> <span class='ocrx_word' id='word_1_542' title='bbox 1682 5143 1794 5198; x_wconf 84' lang='lat' dir='ltr'><strong>llemblii</strong></span> <span class='ocrx_word' id='word_1_543' title='bbox 1813 5143 1945 5211; x_wconf 79' lang='lat' dir='ltr'><strong>depromta</strong></span> <span class='ocrx_word' id='word_1_544' title='bbox 1966 5155 2005 5198; x_wconf 80' lang='lat' dir='ltr'><strong>aot</strong></span> <span class='ocrx_word' id='word_1_545' title='bbox 2022 5161 2055 5199; x_wconf 88' lang='lat' dir='ltr'><strong>ax</strong></span> <span class='ocrx_word' id='word_1_546' title='bbox 2073 5145 2130 5213; x_wconf 83' lang='lat' dir='ltr'><strong>ajon</strong></span> <span class='ocrx_word' id='word_1_547' title='bbox 2147 5145 2215 5202; x_wconf 88' lang='lat' dir='ltr'><strong>libro</strong></span> <span class='ocrx_word' id='word_1_548' title='bbox 2233 5147 2286 5202; x_wconf 85' lang='lat' dir='ltr'><strong>&#39;l&#39;he</strong></span> 
     </span>
    </p>
   </div>
   <div class='ocr_carea' id='block_1_5' title="bbox 505 5239 1045 5323">
    <p class='ocr_par' dir='ltr' id='par_1_11' title="bbox 505 5239 1045 5323">
     <span class='ocr_line' id='line_1_44' title="bbox 505 5239 1045 5323; baseline -0.019 -17"><span class='ocrx_word' id='word_1_549' title='bbox 505 5260 598 5323; x_wconf 77' lang='lat' dir='ltr'><strong>poetry</strong></span> <span class='ocrx_word' id='word_1_550' title='bbox 615 5250 642 5304; x_wconf 87' lang='lat' dir='ltr'><strong>ot</strong></span> <span class='ocrx_word' id='word_1_551' title='bbox 659 5249 702 5304; x_wconf 85' lang='lat' dir='ltr'><strong>the</strong></span> <span class='ocrx_word' id='word_1_552' title='bbox 720 5247 809 5302; x_wconf 85' lang='lat' dir='ltr'><strong>Codex</strong></span> <span class='ocrx_word' id='word_1_553' title='bbox 826 5239 938 5297; x_wconf 78' lang='lat' dir='ltr'><strong>Vercell.</strong></span> <span class='ocrx_word' id='word_1_554' title='bbox 955 5257 983 5311; x_wconf 86' lang='lat' dir='ltr'><strong>p.</strong></span> <span class='ocrx_word' id='word_1_555' title='bbox 1000 5241 1045 5297; x_wconf 74' lang='lat' dir='ltr'><strong>lh.</strong></span> 
     </span>
    </p>
   </div>
   <div class='ocr_carea' id='block_1_6' title="bbox 0 0 2611 6628">
    <p class='ocr_par' dir='ltr' id='par_1_12' title="bbox 0 0 2611 6628">
     <span class='ocr_line' id='line_1_45' title="bbox 0 0 2611 6628; baseline 0 0"><span class='ocrx_word' id='word_1_556' title='bbox 0 0 2611 6628; x_wconf 95' lang='lat' dir='ltr'><strong> </strong></span> 
     </span>
    </p>
   </div>
  </div>
 </body>
</html>
