5192 6636
463 2301 570 2390 luter
592 2325 732 2388 veterum
753 2317 981 2388 Germanorum
1000 2325 1139 2404 poetas·
1153 2319 1206 2404 qni
1226 2317 1268 2386 ad
1296 2337 1401 2388 rerum
1423 2319 1597 2388 divinamm
1616 2337 1753 2389 amonem
1775 2319 1989 2404 excitandum,
2014 2321 2144 2404 cogniti·

364 2443 517 2510 onemque
538 2427 621 2511 apud
642 2427 738 2493 laicos
760 2427 949 2510 aagendam,
978 2445 1028 2493 res
1046 2433 1152 2509 gestas
1173 2432 1206 2492 et
1226 2445 1377 2509 personas
1407 2425 1557 2494 historiae
1585 2445 1694 2495 sacrae
1720 2427 1770 2494 vel
1797 2427 2024 2494 ecclesiasticae
2052 2445 2144 2494 versu

366 2534 492 2600 heroico
511 2535 702 2615 cecinerunt,
730 2539 825 2615 atque
844 2531 885 2599 ad
905 2551 1007 2599 mores
1028 2535 1170 2616 proprios
1199 2533 1408 2600 conformatas
1436 2535 1526 2616 quasi
1545 2534 1578 2601 in
1605 2535 1801 2617 poprdarium
1828 2535 1939 2600 obtutu
1966 2539 2146 2617 posuemnt,

367 2641 550 2723 primarium
569 2641 635 2706 sine
656 2639 748 2706 dubio
770 2639 872 2706 locum
890 2641 981 2722 juxta
1001 2640 1141 2721 igneam
1162 2639 1307 2705 Heliandi
1329 2644 1488 2707 auctorem
1509 2641 1664 2707 saxonem
1682 2641 1804 2707 obtinet
1824 2639 2011 2722 Cynerulfus
2030 2640 2147 2722 anglo

366 2763 452 2828 saxo,
473 2748 561 2830 cujus
581 2741 678 2828 opera
699 2750 833 2828 quatuor
852 2746 911 2812 buc
933 2763 1032 2828 usque
1053 2746 1187 2828 cognita,
1206 2747 1345 2812 carmina
1360 2746 1583 2829 scilicetepica,
1606 2748 1645 2813 de
1661 2747 1782 2812 Helena
1804 2745 2002 2828 imperatrice
2022 2747 2088 2812 sive
2109 2745 2148 2811 de

366 2854 468 2920 trucis
489 2853 684 2934 inventione,
712 2851 823 2916 deinde
851 2852 889 2918 de
917 2853 1062 2934 passione
1089 2857 1216 2918 sanctae
1236 2853 1395 2935 iudaeae,
1422 2856 1489 2918 tum
1518 2853 1557 2918 de
1579 2852 1704 2919 Christo
1732 2856 1808 2918 nato
1836 2853 2023 2918 resuscitato
2052 2850 2147 2918 etad

363 2957 513 3042 judicium
534 2962 706 3024 extremum
733 2958 890 3042 reditmo,
920 2959 1098 3039 aenigmata
1125 2959 1257 3040 denique
1285 2958 1326 3024 cd
1352 2957 1476 3024 laudem
1503 2975 1609 3024 renam
1636 2957 1827 3024 naturalium
1855 2973 1913 3040 per
1939 2976 1974 3022 se
1999 2957 2148 3024 minanam

364 3055 543 3146 hominique
562 3065 685 3130 utilium
707 3059 894 3147 composita,
924 3065 1084 3148 agapam
1113 3064 1295 3131 facultatem
1322 3064 1479 3147 poeticam
1499 3078 1711 3148 summamque
1739 3063 1856 3146 ingenii
1884 3064 2089 3130 subtilitatem
2116 3068 2149 3130 et

368 3170 555 3252 elegantiam
576 3170 714 3252 produnt
724 3173 763 3252 ¹).

451 3275 527 3352 Quis
549 3278 582 3338 et
603 3275 685 3340 unde
704 3275 813 3356 buerit,
834 3280 867 3340 et
887 3273 1012 3357 quando
1034 3274 1163 3356 uixerit,
1184 3291 1254 3340 oum
1274 3276 1314 3340 ab
1339 3273 1409 3341 aliis
1429 3275 1632 3358 scriptoribus
1652 3293 1716 3340 non
1737 3276 1781 3341 sit
1800 3275 1967 3341 memoriae
1988 3275 2148 3357 madium,

367 3371 490 3446 mutum
509 3395 548 3442 ex
568 3380 712 3458 operibus
732 3381 829 3458 ipsius
851 3380 995 3458 cognosci
1014 3381 1128 3457 potest.
1173 3377 1259 3455 Quae
1281 3396 1376 3459 quum
1396 3397 1553 3459 perpauca
1574 3387 1699 3448 tantum
1727 3381 1908 3446 contineant
1939 3399 1960 3440 e
1987 3388 2083 3459 poeta
2110 3381 2148 3446 de

367 3503 402 3552 se
421 3485 692 3568 ipsobrecissime
713 3483 906 3566 significata,
934 3501 972 3548 ex
992 3482 1134 3550 omnibus
1156 3482 1390 3563 quaestionibus
1418 3481 1456 3547 de
1475 3483 1541 3548 uita
1561 3483 1628 3564 ejus
1649 3487 1682 3547 et
1702 3499 1836 3565 persam
1862 3481 1940 3548 haec
1967 3502 2031 3550 una
2057 3485 2149 3552 modo

367 3592 410 3658 ad
430 3588 663 3658 certumdnem
683 3589 813 3672 perduci
834 3605 942 3671 posse,
963 3592 1092 3654 etanta
1113 3589 1217 3653 omnia
1236 3588 1436 3670 perducenda
1458 3605 1526 3654 esse
1548 3588 1687 3669 adeun,
1717 3606 1797 3670 quae
1817 3592 1867 3653 est
1888 3587 1926 3654 de
1946 3590 2014 3672 eJus
2034 3597 2148 3674 aetam,

367 3714 439 3765 ctum
460 3696 635 3764 sententiae
656 3695 695 3760 de
716 3711 754 3760 ea
774 3695 860 3760 latae
882 3695 927 3760 sic
948 3694 1126 3777 discedant,
1152 3699 1188 3760 ut
1209 3695 1262 3759 eiii
1284 3711 1355 3759 enm
1375 3694 1499 3760 sacculo
1520 3699 1630 3760 octavo
1652 3695 1706 3760 alii
1726 3694 1887 3760 undecimo
1908 3695 2035 3761 ineunte
2056 3696 2150 3764 iioru·

367 3797 430 3872 isse
456 3801 694 3883 contendant2).
736 3801 877 3882 Linguae
904 3793 1126 3883 corniormatio,
1151 3818 1231 3882 quae
1253 3801 1308 3866 ubi
1337 3801 1478 3882 quaestio
1506 3801 1579 3866 talis
1609 3801 1641 3866 in
1669 3801 1858 3882 antiquitate
1885 3800 2037 3869 theotisca
2064 3809 2150 3870 mota

369 3917 428 3993 est,
450 3915 615 3990 tantopere
637 3907 795 3988 ambigere
815 3923 879 3973 non
900 3907 982 3987 unit,
1003 3923 1073 3972 cum
1094 3907 1178 3989 apud
1197 3907 1432 3987 Angiosaxones
1454 3907 1574 3973 tardius
1593 3912 1626 3972 et
1646 3907 1679 3972 in
1698 3906 1894 3989 paucioribus
1915 3907 2008 3974 rebus
2028 3915 2151 3976 mutata

367 4017 420 4100 eit,
442 4017 554 4083 saliem
574 4033 637 4080 non
658 4014 799 4080 omnibus
820 4019 907 4079 corta
928 4013 1043 4078 indicia
1063 4013 1208 4078 exhibere
1230 4013 1405 4078 uidebatur.

450 4124 523 4191 Jam
542 4139 617 4186 uero
637 4120 678 4185 ad
696 4121 783 4185 dmm
793 4137 873 4202 quae
894 4120 933 4185 de
946 4125 1060 4202 poetae
1073 4124 1179 4185 aetate
1190 4123 1261 4183 orta
1274 4123 1324 4184 est
1336 4117 1539 4185 decidendam
1557 4116 1767 4198 aenigmatum
1786 4117 1995 4200 fragmentum
2014 4121 2150 4190 ecodice

368 4229 572 4312 lugdunensi
593 4226 813 4309 proterendum
833 4225 917 4308 iacit,
938 4227 965 4292 si
987 4230 1203 4307 argumentum
1225 4226 1291 4308 ejus
1312 4228 1519 4307 comparatur,
1541 4228 1629 4288 aetas
1650 4224 1848 4307 conjungitur
1862 4243 1932 4291 cum
1951 4225 1990 4292 iis
2008 4244 2090 4309 quae
2110 4228 2149 4294 de

368 4335 472 4402 indole
490 4339 585 4416 atque
606 4332 645 4398 de
674 4337 779 4398 aetate
801 4331 965 4415 Gpnevulli
988 4351 1025 4398 ax
1054 4332 1224 4414 reliquibus
1246 4331 1390 4414 operibus
1415 4332 1483 4414 ejus
1503 4331 1657 4413 conjicere
1678 4324 1758 4397 licet
1797 4330 1887 4430 vEngo
1917 4332 1956 4399 de
1976 4333 2015 4400 iis
2029 4351 2150 4418 quoque

475 4668 509 4735 1)’
523 4667 693 4721 innotuerunt
709 4661 793 4716 illene
811 4663 880 4718 1840
897 4665 995 4718 editore
1013 4665 1114 4720 lecobc
1134 4666 1265 4729 drimano,
1285 4663 1398 4728 iuliane,
1417 4677 1475 4715 enm
1494 4663 1579 4716 codex
1595 4662 1750 4716 lironieneie
1770 4678 1817 4731 per
1833 4663 1906 4732 lieej.
1923 4664 2063 4734 'lborpium
2083 4669 2150 4722 1812

370 4760 469 4830 publici
483 4759 548 4829 juria
564 4760 648 4822 beret,
666 4759 768 4810 tertium
788 4771 851 4825 epos
871 4759 940 4812 1852
959 4773 1013 4810 mee
1032 4761 1254 4828 argumentatione
1272 4757 1423 4825 (inliauptii
1440 4756 1542 4825 epbem.
1563 4756 1608 4821 iii,
1626 4757 1677 4810 183
1704 4758 1786 4826 epp),
1817 4757 1843 4810 in
1870 4761 2042 4827 aenigmatum
2066 4763 2149 4828 primo

371 4869 466 4908 nomen
485 4851 621 4922 Gpneruiii
642 4852 742 4904 invenit
759 4850 811 4903 lec
829 4853 897 4905 1857
909 4850 955 4917 (ci.
975 4863 1111 4905 comment.
1133 4852 1217 4920 ejusd.
1252 4850 1326 4914 Quae
1345 4850 1377 4901 dc
1393 4863 1422 4902 ee
1440 4849 1497 4917 ipro
1508 4847 1668 4917 Cynevuliue
1683 4859 1761 4918 poeta
1777 4850 2002 4920 Anglceexonicue
2019 4853 2152 4908 tradiderit

370 4965 397 5017 p.
416 4948 450 5002 22
468 4946 538 5014 sqq.)
558 4944 653 4998 cointio
673 4943 831 5014 reliquorum
855 4953 951 4998 tenuta
973 4955 1013 4999 eet
1030 4945 1132 5013 liauptii
1151 4946 1258 5013 Ephem.
1278 4943 1313 4997 lli
1341 4941 1404 4995 laec.
1426 4943 1456 5008 3,
1498 4952 1596 5012 atque,
1620 4940 1665 4994 ubi
1701 4951 1728 4996 et
1755 4944 1787 4997 de
1812 4953 1917 4998 auctare
1934 4947 2019 5013 egitur
2043 4945 2104 5000 tua
2122 4951 2149 5004 t.

372 5041 401 5094 ln
419 5039 484 5094 locis
502 5037 610 5108 singulis
627 5038 719 5090 borum
741 5039 1010 5093 carminnm‘citendie
1028 5041 1125 5093 Greinii
1154 5039 1295 5093 editionem
1327 5037 1353 5088 in
1377 5033 1445 5088 libro
1462 5034 1622 5090 Bilbliotbelc
1647 5035 1695 5088 der
1711 5036 1818 5106 Angeia.
1839 5037 1929 5092 l'oeeie
1948 5039 1976 5093 l.
1993 5039 2011 5092 l
2031 5039 2065 5091 ll.
2084 5039 2150 5094 tht

371 5135 440 5188 test
458 5142 485 5186 et
502 5133 692 5186 tetamento·
709 5148 773 5184 eum.
1382 5147 1384 5152 ·

475 5225 506 5288 2)
524 5225 639 5278 Priorem
665 5227 817 5276 renuntiem
844 5223 867 5279 J.
899 5225 1034 5278 Grimmiue
1058 5226 1084 5277 in
1109 5223 1176 5277 libro
1208 5223 1276 5277 laud.
1301 5225 1435 5293 exposuit,
1456 5222 1563 5277 alteram
1580 5221 1675 5293 Angli,
1700 5221 1816 5289 inprimis
1835 5219 1983 5290 danblim,
2013 5225 2149 5298 llorpim,

371 5315 506 5390 Wrigbtue
527 5331 681 5388 quamquam
699 5313 742 5368 bic
756 5309 890 5374 dubitans.
909 5333 1020 5388 qnorum
1037 5317 1096 5372 libri
1115 5317 1182 5372 inira
1198 5317 1353 5372 citabuntur.

1938 5413 1953 5480 1
