5192 6636
2047 543 2094 620 ts

311 823 352 876 es
367 803 539 890 praeterito
558 798 660 883 hoqde
679 795 808 881 bogude,
828 799 885 862 aut
899 793 1023 878 juniore
1041 790 1165 856 demum
1202 787 1342 866 tempore
1362 783 1541 863 susceptae,
1562 783 1600 846 ut
1618 777 1723 862 hapa
1749 783 1782 846 et
1807 777 1955 863 hopian
1974 777 2007 844 in
2028 778 2098 846 uni-

313 929 405 982 versa
421 907 580 996 Gynerulfi
598 905 685 991 poesi
703 922 767 971 non
788 906 907 985 esunt,
927 917 1008 983 qnae
1038 895 1111 963 inde
1132 893 1171 960 ab
1185 889 1312 958 hliredo
1331 885 1599 971 frequentissimae
1623 885 1766 971 suurn).
1809 887 1910 954 Taceo
1931 885 2098 953 verborum

313 1019 460 1089 flexiones
482 1015 566 1100 apud
588 1030 660 1081 eum
681 1010 789 1078 obvias
811 1025 891 1091 quae
911 1024 984 1073 mos
1001 1003 1181 1094 perierunt,
1222 995 1438 1082 praetermitto
1458 993 1617 1060 nominum
1639 993 1847 1061 derivationes
1867 997 1959 1061 tanta
1978 992 2097 1060 ambitu

314 1141 466 1206 nusquam
486 1125 652 1206 praeterea
671 1115 989 1199 adhibitas,rehnquo
1012 1123 1252 1194 synonymorum
1274 1103 1394 1184 copiam
1415 1100 1565 1167 vocabula
1586 1101 1661 1167 abbi
1681 1099 1821 1169 inaudita
1834 1101 2098 1185 complectentem,

315 1247 446 1314 quorum
465 1226 615 1298 nonnulla
635 1241 731 1306 supra
749 1241 789 1289 ex
810 1221 951 1303 hadrec
981 1217 1136 1286 Gutlrlacu
1163 1217 1195 1280 et
1215 1207 1369 1276 Phoenice
1390 1207 1498 1289 tetigi,
1527 1207 1676 1289 exemplis
1706 1207 1891 1291 quibusdam
1920 1212 1971 1274 sat
1998 1206 2099 1274 habeo

313 1335 474 1420 probasse,
495 1350 560 1400 nou
580 1330 747 1398 dialectum
769 1329 824 1396 aad
841 1329 946 1411 potius
966 1324 1114 1408 temporis
1134 1316 1316 1386 distantiam
1336 1311 1378 1378 ad
1399 1312 1612 1395 explicandam
1632 1314 1759 1397 linguae
1779 1316 1862 1384 illim
1877 1316 2102 1395 diversitatem,

315 1459 397 1528 quaa
413 1442 446 1507 in
467 1440 587 1523 maiore
607 1443 640 1504 et
661 1436 806 1504 ubertate
825 1440 859 1501 et
878 1434 1062 1516 integritate
1080 1429 1186 1512 posita
1208 1424 1258 1506 sit,
1279 1419 1431 1488 sufficere.

399 1545 586 1614 Accmutius
606 1542 737 1625 alicuius
759 1540 832 1606 libri
852 1544 941 1629 aetas
962 1533 1171 1605 circumscribi
1200 1533 1318 1615 potest,
1347 1527 1374 1592 sl
1404 1545 1443 1593 ex
1468 1527 1507 1594 iis
1535 1547 1615 1611 quoe
1636 1531 1670 1595 in
1689 1549 1725 1596 eo
1754 1532 1951 1612 continentur
1978 1538 2101 1614 tempus

317 1652 458 1720 suctums
494 1650 639 1731 colligere
672 1648 756 1714 licet.
797 1646 983 1727 Plerumque
1019 1639 1206 1726 Cyneurlfus
1240 1653 1291 1700 res
1326 1637 1432 1714 gestas
1464 1635 1664 1716 antiquitatis
1702 1636 1929 1704 ecclesiasticae
1962 1643 2102 1704 remotae

318 1763 456 1840 emmor,
475 1761 513 1823 ιιι
532 1757 566 1823 in
587 1755 699 1836 Elone,
718 1753 858 1837 Juhana,
883 1753 1027 1837 Andrus,
1054 1747 1149 1818 semrd
1177 1750 1282 1810 tamen
1303 1738 1400 1804 etiam
1420 1757 1471 1804 res
1492 1741 1540 1806 sui
1562 1744 1710 1825 temporis
1732 1749 1800 1810 orte
1824 1750 1954 1828 paratas
1983 1745 2102 1829 largius

318 1861 499 1947 dempsit,
527 1862 675 1928 mnsam
693 1861 728 1928 in
747 1859 992 1943 ostensurus,
1022 1859 1078 1926 seu
1108 1863 1200 1929 mitto
1230 1867 1327 1953 erma,
1360 1845 1583 1934 instrumenta.
1612 1857 1758 1923 utensis
1777 1853 1917 1922 Beovulfi
1945 1855 2103 1922 saecum

317 1969 563 2052 refemntiwl,
582 1973 618 2035 ut
638 1967 680 2033 ad
714 1971 933 2050 argumentum
961 1965 1136 2035 dhdnctius
1158 1975 1191 2037 et
1219 1972 1335 2038 certius
1367 1975 1535 2036 transeam.
1576 1967 1615 2032 In
1641 1982 1704 2029 uno
1739 1965 1821 2030 enirn
1842 1963 1979 2029 carmine
2008 1961 2103 2045 epico,

318 2096 417 2163 supra
436 2077 466 2144 ei
486 2075 659 2157 vindicato,
679 2091 846 2157 personam
866 2072 1047 2140 historicam
1076 2075 1125 2142 sui
1152 2075 1274 2161 populi,
1301 2078 1351 2144 cni
1378 2077 1445 2159 ipse
1472 2073 1539 2140 sine
1565 2071 1657 2140 dubio
1683 2073 1768 2138 certe
1802 2069 1929 2153 propior
1963 2074 2104 2153 tempore

320 2190 399 2268 erat,
418 2183 562 2252 laudibus
583 2179 682 2262 effert,
706 2180 946 2247 Guthlacum
967 2185 1109 2246 sanctum
1127 2181 1211 2264 dico,
1232 2183 1286 2266 qui
1303 2185 1337 2250 io
1359 2201 1496 2250 eremum
1523 2179 1653 2246 secessit
1679 2196 1761 2243 anno
1791 2181 1851 2242 700
1876 2180 1933 2242 aut
1958 2177 2035 2258 099,
2063 2179 2103 2246 ab

320 2289 434 2359 Hedda
454 2289 601 2373 episcopo
621 2287 860 2369 Legecastrensi
880 2291 955 2369 pust
976 2302 1093 2353 aunum
1116 2294 1175 2354 705
1198 2289 1343 2356 sacerdos
1371 2289 1592 2371 inauguratus,
1623 2291 1656 2352 et
1681 2290 1811 2352 noento
1832 2285 2001 2352 Mobillone
2022 2299 2104 2351 anno

323 2401 384 2464 714
405 2395 457 2464 die
475 2395 523 2462 XI
543 2394 658 2460 mensis
679 2393 797 2475 Aprilis
819 2398 961 2459 mortuus
982 2399 1040 2460 ast.
1071 2391 1169 2462 Poeta
1190 2396 1420 2463 inenarranda
1443 2393 1503 2460 viri
1525 2393 1626 2460 sancti
1647 2393 1714 2458 vita
1733 2398 1767 2458 et
1782 2398 1883 2459 morte
1900 2393 1967 2478 jam
1988 2392 2105 2477 scripto

321 2503 412 2586 hbru,
432 2507 470 2569 ut
489 2502 556 2584 ipse
575 2499 734 2584 professus
761 2505 811 2566 est
828 2518 858 2565 ι.
880 2503 942 2566 499
965 2506 998 2565 et
1018 2504 1089 2584 850,
1130 2503 1294 2586 utebatur;
1322 2503 1424 2586 prima
1454 2506 1487 2567 et
1515 2501 1714 2568 celeberrima
1739 2499 1886 2567 Guthlaci
1912 2500 2105 2584 biographia,

322 2627 403 2693 quae
423 2610 506 2674 inter
525 2608 606 2672 Acta
625 2610 806 2673 sanctorum
826 2610 953 2689 recepta
981 2607 1151 2672 etiamnum
1173 2615 1333 2692 superest,
1370 2627 1390 2674 a
1411 2607 1515 2674 Felice
1535 2607 1686 2673 monacho
1707 2605 1899 2673 Girvasiensi
1925 2606 2106 2691 composita,

322 2713 421 2782 mullo
443 2711 567 2796 quidem
586 2711 736 2795 prohxior
757 2715 822 2795 est,
849 2712 883 2778 in
904 2711 1031 2778 summis
1057 2716 1163 2780 tamen
1181 2713 1275 2780 rebus
1303 2719 1337 2781 et
1363 2733 1472 2782 uersus
1500 2712 1593 2779 linem
1620 2715 1714 2782 etiam
1743 2714 1778 2780 in
1807 2713 1937 2796 singulis
1963 2716 2009 2780 ita
2037 2731 2107 2780 cum

324 2822 462 2890 mumius
480 2819 652 2901 consentit,
673 2824 710 2885 ut
729 2818 781 2884 vix
803 2818 929 2885 dubium
955 2835 1024 2885 esse
1051 2819 1167 2903 possit,
1194 2821 1276 2903 quod
1301 2821 1441 2904 plerique
1467 2825 1627 2902 statuunt,
1652 2819 1724 2886 inde
1751 2819 1947 2904 potissimum
1981 2823 2107 2902 poetam

323 2927 427 2994 sancti
448 2923 671 2992 crulandensis
691 2923 880 2991 lineamenta
907 2943 965 2991 sua
992 2924 1141 2992 bomisse.
1184 2927 1256 2994 Jarn
1283 2946 1357 2994 vero
1385 2932 1537 3010 quantum
1565 2927 1697 2992 internis
1723 2926 1896 2993 rationibus
1925 2923 2107 2994 concludere

325 3033 410 3115 licet,
431 3032 529 3115 Felix,
553 3032 608 3115 qui
630 3036 770 3114 tempore
785 3031 892 3098 Cissae
914 3031 1054 3115 ejusqui
1076 3032 1230 3100 Guthlaco
1249 3035 1283 3100 in
1304 3033 1498 3101 habitatione
1519 3032 1660 3099 solitaria
1681 3039 1882 3116 successerat,
1904 3033 2005 3100 adhuc
2025 3033 2108 3100 inter

324 3141 413 3207 uiuos
432 3143 518 3220 erat,
536 3137 707 3204 secundum
729 3136 942 3204 Mobillionem
962 3155 1034 3203 mox
1053 3144 1126 3221 post
1153 3143 1230 3222 735,
1260 3141 1330 3207 aliis
1356 3139 1516 3206 autoribus
1545 3139 1638 3221 paulo
1666 3141 1769 3222 prius,
1803 3145 1942 3206 exhemo
1975 3139 2108 3205 termino

324 3246 428 3329 posito
457 3249 532 3310 ante
562 3248 623 3309 750
650 3243 765 3308 librum
790 3261 880 3309 suurn
907 3243 1166 3328 conscripsit³¹)‚
1195 3246 1277 3312 unde
1298 3247 1454 3328 sequitur,
1481 3262 1592 3327 poema
1617 3244 1688 3312 inde
1707 3244 1853 3312 haustum
1874 3251 1948 3330 post
1974 3245 2109 3311 medium

326 3349 444 3419 mouri
465 3349 568 3417 octavi
589 3353 695 3414 ortum
717 3365 793 3430 esse,
814 3367 876 3413 non
899 3348 1040 3430 sequitur
1059 3368 1153 3431 quarn
1173 3350 1272 3417 multo
1293 3357 1375 3435 post.
1419 3351 1482 3418 Sed
1501 3356 1575 3417 sunt
1601 3353 1697 3418 etiarn
1722 3353 1755 3417 in
1776 3351 1844 3434 ipso
1865 3357 2008 3435 poemate
2029 3369 2109 3434 quae

326 3455 469 3543 probent,
490 3461 632 3524 autorem
653 3455 720 3538 eius
742 3453 827 3522 haud
845 3456 892 3522 ita
912 3453 1006 3538 longo
1028 3457 1176 3540 temporis
1197 3457 1299 3540 spatio
1322 3458 1485 3542 interiecto
1507 3455 1630 3523 vixisse
1662 3457 1734 3523 Non
1758 3456 1840 3523 enim
1862 3459 1962 3525 solum
1985 3457 2018 3524 in
2040 3457 2110 3525 uni-

328 3582 451 3632 versum
472 3564 598 3646 nostris,
626 3563 687 3644 ait,
715 3561 908 3646 temporibus
935 3579 1073 3630 summus
1101 3563 1154 3631 ille
1178 3565 1266 3631 miles
1289 3563 1407 3633 Christi
1433 3564 1538 3631 floruit
1567 3577 1609 3646 (u.
1631 3565 1719 3648 372),
1751 3569 1861 3632 nostra
1888 3565 2036 3633 memoria
2061 3563 2110 3632 dei

329 3881 416 3928 meu
432 3871 630 3941 Anglueaxonas
648 3869 682 3923 ad
700 3869 758 3937 ejus
776 3865 951 3938 abiectionem
967 3869 1097 3939 proclives
1114 3880 1188 3926 erant
1204 3870 1251 3940 (oi.
1278 3885 1390 3940 speses,
1410 3871 1459 3937 ml,
1479 3870 1549 3941 leeg,
1568 3870 1639 3939 bet),
1670 3872 1708 3925 uti
1722 3873 1776 3940 iem
1802 3874 1828 3926 iu
1847 3873 1996 3928 Gaedmoue
2012 3882 2111 3928 tantmn

328 3965 410 4020 ineu
429 3964 538 4034 legitur.
568 3965 711 4034 eadamque
728 3963 892 4033 proclivitate
909 3965 1031 4018 meritus
1059 3965 1192 4034 praeteriti
1210 3961 1390 4034 cpuevutdanr
1417 3963 1523 4019 reond
1553 3965 1588 4030 (Ε
1606 3965 1688 4032 1023)
1719 3965 1746 4018 ιιι
1769 3965 1903 4036 vulgarem
1929 3967 2035 4020 lumnam
2054 3965 2111 4021 rdd

329 4059 485 4130 ntelligitur.

398 4153 446 4219 ts)
466 4149 578 4206 Ulterius
596 4149 621 4202 id
640 4165 655 4202 a
674 4165 715 4202 rue
733 4149 936 4205 demonstratum
955 4158 994 4206 est
1012 4152 1039 4203 lu
1058 4149 1163 4220 llauptii
1181 4149 1249 4218 llph.
1269 4149 1313 4215 lit,
1331 4149 1479 4202 tte-218.

399 4245 447 4313 30)
465 4241 557 4308 Qualia
574 4250 635 4295 sunt
652 4257 676 4296 a.
695 4258 721 4312 g.
739 4243 824 4297 molae
842 4260 920 4298 manu
937 4259 1029 4298 remae
1048 4244 1108 4314 (Sl,
1138 4251 1238 4296 textura
1256 4257 1289 4296 ex
1304 4241 1369 4312 jugo
1387 4242 1420 4295 de
1438 4241 1491 4295 altu
1510 4240 1660 4310 dependens
1688 4243 1767 4310 (57),
1795 4242 1870 4312 galea
1889 4242 1977 4298 larvae
2004 4243 2111 4298 terream

330 4353 425 4410 perena
435 4337 496 4406 (70)
514 4334 688 4404 utgrlruhelm
699 4336 826 4403 Baoruld,
846 4337 948 4391 aedium
959 4345 1027 4392 tecta
1045 4352 1182 4391 cervorum
1201 4335 1323 4390 cornibus
1342 4343 1431 4390 ornata
1450 4336 1510 4403 (85)
1527 4335 1611 4406 qualis
1629 4336 1656 4388 in
1672 4335 1801 4390 Beavulic
1819 4335 1878 4390 aula
1896 4335 1994 4390 lieorut
2011 4336 2068 4402 hait,
2086 4345 2113 4390 et

331 4431 390 4488 alis.
424 4429 517 4502 Neque
534 4427 621 4483 obstat
639 4429 709 4498 quod
727 4431 864 4482 atramenti
884 4433 983 4485 mentio
1018 4431 1047 4484 dt
1068 4446 1100 4483 ex
1127 4428 1221 4484 arbore
1240 4431 1293 4481 nati
1319 4427 1461 4498 (bcdmtelg
1477 4429 1527 4494 27,
1547 4431 1585 4496 s),
1609 4444 1667 4481 nam
1685 4439 1776 4483 cantra
1801 4432 1939 4498 scriptores
1957 4428 2050 4484 multos
2069 4429 2115 4501 qui

331 4524 532 4596 pervulgarunt,
569 4530 739 4576 atramentum
757 4538 772 4577 e
790 4522 900 4577 nucibus
917 4524 992 4594 gallis
1011 4534 1038 4579 et
1054 4521 1160 4578 vitricia
1178 4520 1239 4575 lerri
1258 4520 1406 4574 conlectum
1426 4538 1479 4575 noo
1498 4531 1557 4575 anta
1575 4519 1707 4575 saeculum
1725 4538 1823 4576 nonum
1845 4540 1894 4577 usu
1912 4525 2028 4588 resima,
2055 4521 2114 4576 libri

332 4617 489 4685 palimpsesti
505 4615 650 4670 deruerunt
674 4615 727 4669 tale
740 4615 795 4683 jans
811 4617 872 4670 iude
890 4633 905 4670 a
923 4615 1030 4670 saecule
1047 4615 1166 4670 secundo
1184 4611 1326 4668 adhibitura
1345 4615 1433 4682 luisse,
1453 4615 1486 4669 el.
1506 4614 1592 4668 Fried·
1608 4615 1684 4670 lloae
1709 4615 1742 4670 de
1759 4615 1832 4672 libris
1849 4615 1968 4687 palimps.
2003 4615 2115 4672 Carales.

335 4708 403 4764 asts
419 4725 446 4778 p.
465 4709 507 4766 30.
542 4708 663 4764 Getarum
682 4719 789 4763 auctore
806 4708 950 4778 Theophila
970 4707 1123 4778 presbytero
1149 4710 1226 4762 etiarn
1251 4724 1266 4761 e
1285 4707 1425 4762 corticibus
1446 4709 1528 4762 coctis
1545 4707 1693 4778 parabatur.

404 4799 452 4868 81)
469 4801 591 4856 Ιιιιιιιιιιι
610 4803 637 4855 ιιι
654 4803 816 4871 praelatione
836 4802 898 4856 edit.
918 4803 947 4855 in
964 4801 1022 4856 Act.
1041 4801 1128 4856 sanet.
1162 4801 1263 4855 Bened.
1280 4815 1347 4854 saec
1365 4801 1418 4867 ill,
1436 4801 1447 4854 l
1467 4818 1493 4871 p.
1510 4801 1649 4855 ass-28⁴
1667 4801 1701 4855 cl.
1721 4801 1824 4870 Wriglst
1839 4801 1926 4870 Biogr.
1944 4801 2007 4856 arra
2022 4802 2070 4856 hit.
2088 4817 2115 4870 p.

335 4893 402 4959 ²⁴⁷³
421 4891 526 4948 ultimae
543 4897 651 4950 rationis
671 4911 748 4949 causa
765 4895 832 4948 haec
850 4904 899 4949 est.
933 4893 1010 4963 Apud
1027 4893 1140 4948 Felicem
1158 4893 1254 4964 legitur
1271 4911 1294 4948 c.
1308 4895 1352 4960 ss,
1371 4894 1445 4964 regni
1465 4893 1612 4949 Ethelbaldi
1622 4896 1785 4963 (716-755)
1805 4894 1952 4949 lellcitateru
1972 4909 2071 4966 „usqua
2088 4897 2115 4948 lu

336 4985 493 5039 hodiernum
512 4985 596 5039 diem·
616 4991 748 5054 creviss03
768 4989 795 5041 in
816 4987 946 5042 Saxonum
966 4987 1096 5041 Chronico
1114 4997 1200 5041 autem
1218 4997 1348 5054 namatus,
1367 5003 1426 5042 euru
1444 4990 1494 5044 733
1513 4989 1696 5043 Sumertunum
1714 5004 1887 5060 expugnasse,
1907 4989 1957 5042 737
1974 4987 2116 5042 Nerthum·

337 5075 418 5131 briam
437 5079 594 5144 devastasse,
613 5081 663 5133 743
681 5083 807 5136 adversus
826 5081 946 5135 Britouea
974 5080 1124 5147 dimicasse,
1151 5081 1198 5134 sed
1217 5081 1268 5135 752
1295 5098 1311 5134 a
1336 5081 1467 5136 Gutbredc
1497 5097 1560 5152 rege
1594 5081 1709 5152 iugatum
1735 5090 1763 5136 et
1788 5081 1922 5152 expulsum
1948 5097 2013 5136 ease.
2045 5083 2116 5152 argo

338 5173 383 5242 qui
400 5171 473 5238 dixit,
491 5173 560 5243 regis
578 5171 727 5227 Ethelbaldi
744 5175 894 5230 felicitatem
913 5176 1037 5230 eonhnuo
1055 5173 1107 5228 hue
1124 5190 1207 5244 usque
1224 5175 1347 5244 crevisse,
1366 5177 1451 5245 putuit
1468 5175 1493 5228 id
1515 5176 1618 5246 quidem
1634 5176 1687 5244 jam
1706 5175 1946 5245 partitialium,
1964 5193 2016 5230 nou
2034 5178 2119 5246 potuit

337 5273 399 5334 pest
417 5265 476 5320 707.
