5192 6636
469 555 520 632 58

467 767 600 844 quatuor
620 763 790 844 primarum
810 779 885 844 pars
905 763 1058 846 posterior
1079 763 1217 832 meuriss
1230 767 1329 834 traicit
1347 766 1472 836 obsoni
1493 769 1613 852 coloris,
1634 785 1766 852 quarum
1787 769 1925 840 ambitus
1943 771 1977 840 in
1997 773 2107 842 nbula
2126 779 2252 862 punctis

466 869 713 950 circumscriptus
734 874 791 934 est.
813 869 899 948 Quae
919 872 1082 954 perspicue
1101 872 1135 938 in
1155 872 1334 956 fragmento·
1352 873 1416 956 legi
1438 882 1571 958 possunt
1590 875 1667 942 lroec
1689 881 1775 940 sunt:
1795 941 1797 946 ,

1602 983 1639 1061 Γ
1646 989 1749 1048 aerest
1767 1001 1784 1047 o
1807 1033 1814 1046 .
1838 1034 1846 1048 .
1869 1034 1877 1048 .
1902 1034 1909 1048 .

744 1080 814 1146 Meo
834 1081 868 1146 ie
886 1087 961 1148 ueta
982 1099 1064 1162 uong
1084 1082 1238 1150 uundrum
1258 1083 1375 1166 ireorig
1396 1084 1436 1152 ob
1455 1084 1478 1152 lr
1500 1135 1508 1152 .
1531 1137 1539 1152 .
1561 1083 1693 1155 mundae
1713 1088 1751 1152 N

670 1241 675 1246 .
743 1186 829 1253 Uuat
846 1188 875 1256 ie
896 1205 963 1254 mec
984 1187 1147 1256 biuorthee
1167 1188 1274 1256 nullan
1293 1189 1384 1258 flium
1403 1191 1482 1258 herii
1504 1188 1580 1258 terh
1600 1192 1761 1260 helmaest
1781 1193 1838 1260 oi.
1856 1243 1886 1262 ..

741 1293 895 1360 Uundnae
915 1312 965 1359 me
984 1295 1017 1360 ni
1037 1291 1108 1360 biad
1128 1293 1218 1360 ueflae
1239 1297 1271 1364 ni
1290 1297 1321 1364 ie
1339 1317 1418 1380 uarp
1439 1298 1520 1366 heiae
1540 1300 1573 1366 ui
1595 1296 1681 1366 derih
1704 1296 1786 1366 drea.
1807 1317 1849 1366 an
1873 1298 1945 1382 glor
1959 1351 1992 1370 ..

741 1397 804 1463 dre
826 1418 875 1464 me
897 1399 1038 1466 hlimmid
1053 1452 1060 1465 .
1076 1401 1124 1466 Nc
1143 1419 1193 1466 me
1213 1401 1359 1470 hrutendi
1378 1403 1465 1470 lirisd
1483 1405 1544 1473 leel
1563 1403 1620 1472 aed
1641 1407 1674 1472 ni
1694 1425 1762 1475 mec
1785 1407 1824 1474 ot
1840 1457 1846 1474 .
1863 1459 1898 1476 ..

702 1511 720 1569 5
739 1523 811 1570 aem
831 1507 913 1571 tceal
935 1507 1042 1588 onylsa
1065 1507 1203 1590 Uyrmei
1220 1527 1286 1574 mec
1307 1509 1340 1574 ni
1359 1509 1474 1576 suelun
1496 1511 1587 1594 uyrdr'
1610 1512 1763 1580 cracitum

741 1609 781 1676 da
801 1610 831 1676 di
852 1611 942 1693 goelu
962 1614 1085 1694 godueb
1105 1621 1202 1694 gestu
1223 1614 1393 1682 ireatuetlr.
1432 1617 1465 1714 s
1475 1615 1611 1709 belidum
1629 1618 1741 1702 hjhtlic
1762 1619 1876 1700 giuoe.
1897 1670 1906 1684 .

742 1718 795 1784 Uil
815 1738 882 1785 mec
902 1719 1020 1786 hudroe
1041 1722 1114 1788 fuae
1135 1719 1194 1786 delo
1215 1722 1297 1787 uida
1319 1721 1406 1788 oiaer
1427 1719 1522 1791 eorde
1543 1724 1640 1792 hetan
1661 1723 1740 1790 mith

742 1825 789 1889 Ni
810 1843 953 1906 anoegrm
973 1825 1003 1891 ie
1024 1844 1073 1890 me
1095 1827 1181 1906 aerig
1203 1826 1307 1893 frome
1326 1828 1527 1910 egsonbrogir
1549 1827 1606 1896 deh
1627 1827 1657 1896 di
1676 1852 1710 1897 m

739 1979 873 1996 .....
894 1932 998 1998 adlice
1019 1933 1059 1996 ob
1079 1951 1203 2000 cccrum
1225 1984 1232 1999 .
1257 1975 1263 1998 s
1286 1983 1297 1999 .

546 2040 584 2104 ln
606 2038 706 2119 prime
726 2036 808 2101 linee
829 2055 886 2119 pro
907 2043 1002 2104 aeto
1020 2039 1233 2106 Bethmannus
1255 2038 1375 2121 legerat
1396 2046 1542 2124 setam,
1567 2041 1623 2108 sed
1642 2046 1714 2125 post
1735 2041 1853 2108 claram
1873 2041 1997 2108 literam
2017 2060 2038 2110 c
2060 2062 2123 2112 non
2144 2049 2248 2128 sequi·

466 2149 519 2209 tur
539 2143 600 2208 nisi
619 2161 700 2208 unus
723 2143 833 2210 ductus
854 2143 998 2226 pallidior
1010 2144 1161 2227 adspersa
1181 2151 1217 2210 ut
1230 2146 1354 2214 videtur
1372 2165 1471 2229 parva
1490 2147 1622 2228 macule,
1642 2149 1797 2214 minorum
1818 2149 1900 2214 enim
1913 2157 2099 2232 punctorum
2119 2151 2249 2220 fortuito

465 2255 605 2316 ortorum
626 2249 716 2331 plrua
739 2254 814 2316 sunt
836 2250 869 2315 in
888 2250 948 2316 hac
976 2251 1090 2316 codicis
1117 2251 1232 2333 pagina
1259 2258 1415 2335 extrema,
1442 2253 1516 2321 olim
1545 2259 1723 2334 tegumento
1753 2259 1894 2336 carente;
1923 2254 2025 2336 prima
2052 2273 2128 2324 vere
2157 2256 2250 2324 litere

464 2361 534 2422 erut
553 2375 574 2421 u
594 2357 681 2439 eujus
694 2359 831 2438 partium
844 2357 975 2422 duanam
985 2358 1076 2424 modo
1088 2358 1182 2439 periit
1193 2358 1377 2443 conjunctio,
1399 2377 1461 2425 non
1475 2379 1504 2441 v,
1516 2359 1598 2441 quod
1618 2359 1652 2424 in
1673 2363 1740 2424 toto
1762 2357 1970 2440 fragmentoa
1989 2360 2093 2426 scriba
2114 2377 2177 2428 non
2197 2368 2249 2430 est

464 2461 647 2544 adhibitum,
668 2464 763 2528 etiarn
784 2463 838 2528 lin.
861 2469 890 2528 a.
911 2464 1073 2544 perspicue
1094 2464 1236 2546 Upim,
1257 2483 1320 2530 non
1340 2465 1489 2546 Vyrmas‚
1509 2471 1546 2530 ut
1568 2464 1620 2530 ille
1641 2463 1745 2544 habet,
1767 2465 1918 2546 scriptum
1939 2469 1997 2530 est
2028 2466 2154 2534 Literae
2174 2474 2248 2550 post

465 2567 805 2650 ireorigsequentes
825 2569 945 2651 liquore
965 2569 1132 2635 obscurata
1153 2575 1241 2653 sunt,
1269 2571 1323 2652 qui
1344 2589 1382 2636 ex
1402 2569 1526 2636 mocula
1552 2587 1648 2651 supro
1674 2571 1790 2653 injecto
1814 2569 2020 2652 detergendo,
2048 2576 2086 2638 ut
2113 2573 2248 2656 ridetur,

464 2693 521 2759 per
540 2675 637 2740 lineas
658 2681 792 2757 quatuor
812 2675 894 2740 inira
913 2677 1031 2759 positas
1051 2675 1202 2743 deductus
1223 2681 1289 2757 est,
1310 2677 1454 2758 cognosci
1473 2681 1580 2742 lamen
1600 2681 1706 2758 potest
1725 2694 1744 2740 o
1765 2681 1798 2741 et
1825 2694 1900 2758 pers
1921 2675 2040 2742 literae
2060 2677 2082 2742 b
2110 2677 2250 2762 interior,

468 2787 536 2848 tum
556 2781 578 2846 h
599 2781 681 2864 quod
701 2781 780 2863 his,
808 2782 938 2847 docente
965 2786 1121 2864 contextu,
1141 2781 1345 2864 supplendum
1365 2785 1424 2848 est.
1466 2779 1653 2863 Saepissime
1676 2779 1779 2848 scriba
1806 2799 1845 2846 ac
1864 2798 1922 2863 pro
1950 2799 1969 2847 e
1994 2783 2115 2866 posuit,
2141 2783 2196 2858 ita¹
2215 2784 2248 2852 in

464 2886 655 2971 innodes,
677 2905 772 2970 quam
793 2905 899 2953 rocem
921 2905 1000 2970 quoe
1022 2889 1109 2970 sequi
1128 2887 1284 2954 debebant
1309 2904 1405 2969 supro
1433 2887 1551 2968 scripta
1578 2891 1667 2968 sunt,
1695 2885 1776 2952 unde
1804 2884 1895 2954 laoile
1922 2887 2081 2972 expletur:
2108 2897 2249 2958 aerest

464 2995 603 3074 cende,
629 2995 676 3059 ita
695 2998 732 3060 ut
760 2994 918 3061 sententie
938 2993 1035 3060 totius
1062 2993 1163 3060 lineoe
1183 2994 1240 3060 sit:
1269 2993 1322 3060 dle
1349 2991 1494 3060 humidus
1515 3011 1642 3075 campus
1662 2993 1741 3060 mire
1761 2992 1883 3075 gelidus
1903 3011 1943 3060 ox
1964 3010 2021 3060 suo
2042 2995 2160 3062 rudere
2179 2997 2244 3078 pri·

464 3101 559 3167 mitus
579 3101 696 3182 genuit.
1241 3109 1244 3115 ’

546 3206 660 3288 incipit
686 3205 800 3270 lineam
828 3203 996 3270 secundam
1021 3203 1115 3270 litera
1141 3203 1289 3285 uncialis,
1316 3203 1445 3270 alterins
1474 3203 1570 3286 igitur
1588 3203 1771 3272 sententiaa
1797 3203 1936 3286 initium,
1965 3203 2020 3270 sed
2047 3203 2090 3270 ad
2117 3203 2246 3271 verbum

465 3313 571 3380 eutr
591 3312 682 3395 (scio)
701 3310 856 3394 particule
876 3311 1024 3392 negativa
1046 3309 1208 3390 flagitatur
1231 3329 1311 3393 quae
1330 3310 1364 3376 in
1386 3311 1586 3394 sequentibus
1606 3309 1698 3392 redit,
1718 3327 1813 3391 quam
1835 3309 1949 3378 oblitus
1970 3315 2022 3376 est
2042 3309 2162 3394 scriba,
2181 3311 2245 3378 ior·

465 3421 551 3485 tasse
571 3424 686 3498 tamam
708 3434 778 3482 cum
797 3416 919 3482 initium
939 3433 1039 3481 norae
1060 3414 1160 3480 lineae
1177 3416 1245 3498 iam
1266 3416 1459 3497 scripsisset,
1485 3417 1518 3481 in
1545 3415 1608 3482 firm
1626 3414 1739 3498 prioris
1767 3414 1904 3496 addidit,
1932 3414 1985 3481 ubi
2012 3414 2175 3482 literanum
2197 3417 2251 3504 Ni

466 3521 577 3590 ductus
598 3524 631 3588 in
653 3520 777 3588 macula
798 3519 943 3586 subfusco
963 3519 1071 3586 eodem
1092 3519 1232 3586 colerae
1253 3519 1335 3588 ilovo
1350 3523 1534 3590 rubescente
1559 3521 1717 3604 conspicui
1736 3520 1833 3602 fiunt,
1854 3538 1915 3602 quo
1935 3517 2047 3586 literae
2065 3525 2243 3604 postremae

467 3629 551 3696 vocis
573 3624 706 3694 innatae
725 3627 843 3692 tinctae
864 3632 948 3693 sunt.
967 3626 1147 3692 Proximum
1165 3625 1379 3697 biuorthee
1399 3643 1457 3712 pro
1476 3626 1662 3694 birorhte
1679 3631 1739 3695 cst
1758 3626 1914 3710 participii
1933 3643 2032 3707 genus
2054 3627 2249 3710 femininum,

466 3735 604 3816 loquitur
623 3734 706 3798 enim
727 3733 796 3814 ipse
816 3750 867 3798 res
889 3751 908 3797 a
928 3738 1022 3814 poete
1042 3732 1212 3814 descripta,
1242 3751 1335 3815 quam
1355 3733 1423 3802 uult
1446 3735 1625 3817 conjectura
1651 3732 1801 3814 inveniri,
1827 3749 1907 3815 quae
1934 3749 1985 3798 res
2013 3734 2193 3816 saepissime
2212 3734 2248 3804 in

467 3839 694 3920 aenigmatibus
722 3838 881 3919 anglosex.
911 3837 998 3903 riht
1026 3855 1096 3918 gen.
1123 3837 1197 3904 fem.
1217 3837 1347 3919 dicitur,
1375 3843 1408 3908 et
1436 3838 1494 3904 hoc
1522 3839 1555 3904 in
1583 3839 1760 3920 aenigmate
1787 3843 1836 3906 est
1864 3838 1961 3906 lorica
1986 3838 2109 3908 cunulis
2136 3839 2246 3906 terreis

467 3951 564 4013 texta.
606 3947 674 4012 Vox
696 3944 834 4012 uullen
861 3943 981 4028 denae)
1006 3943 1242 4010 declinationem
1270 3943 1401 4010 debilem
1427 3945 1584 4027 sequitur,
1611 3943 1742 4018 discedit
1768 3944 1866 4025 igitur
1892 3962 1912 4010 e
1941 3947 2094 4012 communi
2121 3945 2249 4028 lingrme

467 4071 615 4134 usuque
637 4050 865 4118 eavoxfortis
893 4055 942 4116 est
969 4049 1086 4114 formae
1113 4048 1214 4130 ruli,
1240 4049 1278 4114 G.
1307 4050 1406 4131 ridle,
1435 4051 1479 4117 sie
1506 4052 1602 4115 etiem
1624 4050 1788 4116 iliusum
1816 4050 1932 4115 dietum
1960 4055 2011 4116 est
2037 4069 2094 4132 pro
2123 4052 2248 4132 vulgari

467 4159 608 4246 llisum
629 4157 829 4242 (velleribus),
851 4160 944 4222 nera
964 4153 1059 4220 derh
1080 4154 1285 4220 hehcraeit
1304 4157 1504 4256 prohecrura
1517 4155 1595 4222 einh
1613 4155 1785 4236 hethereii,
1805 4155 1911 4236 prodit
1923 4156 2022 4236 igitur
2036 4157 2250 4226 enuntiatum:

468 4267 587 4352 (Haud)
609 4267 671 4332 seio
691 4282 742 4332 me
761 4268 906 4350 paratam
927 4263 1018 4330 lanae
1040 4259 1214 4342 velleribus
1235 4260 1370 4329 crinibus
1390 4259 1455 4328 alta
1482 4267 1562 4328 arte.
1603 4261 1652 4331 Ex
1671 4255 1798 4344 reliquis
1818 4261 2016 4330 lineamentis
2037 4262 2089 4330 vir
2109 4259 2144 4329 oi
2163 4269 2197 4330 et
2216 4264 2250 4330 lri

467 4375 583 4446 certius
601 4377 659 4452 est,
679 4370 760 4436 unde
781 4371 893 4452 positu,
911 4385 1080 4452 pronomen
1097 4365 1377 4438 demonstrativum
1386 4369 1629 4453 superscriptum
1647 4365 1753 4448 fuisse,
1775 4367 1974 4454 deletumque
1992 4368 2113 4452 liquore
2136 4369 2250 4452 inluso,

467 4481 604 4552 fortasse
626 4477 694 4544 elici
711 4481 816 4563 potest
834 4476 866 4540 bi
886 4474 1039 4556 histrian)
1063 4474 1163 4542 miore
1185 4479 1242 4542 aut
1261 4473 1293 4539 bi
1313 4473 1393 4556 hypo
1413 4475 1531 4544 minum
1558 4474 1655 4560 (apud
1682 4475 1821 4540 animum
1841 4477 1961 4560 meunt
1984 4474 2178 4544 referendum
2202 4474 2246 4541 od

468 4586 561 4655 Haud
580 4585 653 4663 seio,
673 4601 739 4647 non
757 4581 848 4648 locile
868 4585 982 4660 autem
1004 4578 1086 4661 qood
1107 4583 1212 4648 textos
1232 4579 1417 4648 Exoriensis
1438 4580 1549 4648 habat:
1571 4579 1785 4666 aygeponoum
1807 4581 1881 4646 fin

549 4691 677 4758 Minime
698 4687 790 4754 dubia
804 4693 854 4752 est
872 4687 977 4752 lineae
994 4687 1107 4753 tertiae
1128 4684 1218 4754 lectio
1238 4689 1370 4770 praeter
1384 4685 1512 4768 exitum,
1532 4687 1586 4756 ubi
1606 4685 1697 4752 iseile
1717 4686 1840 4768 quddam
1860 4689 1932 4768 post
1954 4681 2046 4750 droa
2066 4684 2249 4754 restituatur

469 4805 483 4864 t
503 4799 604 4877 litera,
624 4797 711 4878 cujus
732 4795 794 4862 ima
816 4811 889 4880 pars
913 4791 1013 4860 adhuc
1035 4795 1186 4876 superest,
1201 4790 1264 4856 sed
1284 4790 1479 4874 insequenti
1501 4809 1553 4856 an
1572 4791 1711 4858 abrmdet
1731 4809 1770 4872 ιι,
1800 4793 1943 4872 oenigma
1969 4790 2050 4858 eum
2069 4790 2250 4860 Exonicnse

469 4902 687 4986 respondentia
716 4900 812 4966 rerba
833 4898 935 4964 fundit
954 4898 1049 4966 haee:¹
1070 4915 1117 4962 ne
1146 4889 1244 4990 durh
1269 4893 1418 4964 creato
1441 4897 1618 4980 gedrdcu
1645 4894 1767 4962 dread
1793 4915 1851 4966 rue
1878 4915 1929 4963 ne
1950 4893 2142 4964 utiense
2165 4896 2200 4966 h.
2216 4915 2248 4963 e..

469 5028 568 5094 neque
589 5008 746 5091 omninum
765 5007 884 5088 impetu
905 5005 990 5075 iilum
1015 5003 1090 5072 mihi
1111 4995 1252 5071 resonat..
1292 5002 1447 5086 Suspricari
1471 5001 1579 5072 ficeret
1603 5021 1654 5072 ιιιι
1672 4997 1883 5086 pitrae'ou
1911 5003 1936 5068 si
1963 5001 2045 5067 forte
2067 4999 2156 5068 dredt
2175 5019 2245 5084 spe-

470 5118 577 5184 cialius
599 5114 788 5198 significaret
808 5117 930 5194 partem
946 5111 1014 5194 jugi
1034 5110 1177 5196 tentorii,
1198 5097 1339 5198 quodl'ex
1358 5109 1471 5189 glossis
1491 5109 1551 5178 huc
1571 5130 1668 5194 usque
1691 5109 1824 5192 cognitis
1845 5105 1924 5178 effici
1945 5111 2066 5192 nequit
2093 5109 2141 5208 ¹In
2161 5109 2245 5192 prio·

471 5221 556 5288 ribus
581 5240 680 5305 uarp
706 5225 791 5286 certo
825 5224 874 5283 est
902 5223 1030 5298 stamen,
1061 5214 1195 5282 aeliae
1229 5221 1349 5296 autem,
1387 5217 1494 5298 utpote
1521 5216 1635 5298 plurali
1676 5234 1803 5283 numero
1843 5216 1992 5300 positum,
2034 5231 2098 5278 non
2137 5202 2244 5298 potest
