5192 6636
486 599 534 674 14

483 813 583 882 altero
604 811 699 894 lyrico
719 810 810 892 quasi
829 808 931 877 colore
951 810 1099 893 tingitin,
1126 810 1159 878 id
1189 809 1271 894 quod
1297 812 1431 878 mamare
1454 812 1540 879 valet
1566 813 1605 878 de
1627 812 1788 896 Oynerulfi
1809 813 1923 881 Orieto
1965 816 2010 882 At
2030 829 2070 884 ea*
2088 821 2267 904 proprietas

484 935 678 1003 nequaquam
698 935 756 1000 per
778 935 812 984 se
832 921 881 983 est
902 918 1083 984 recentioris
1105 918 1173 984 aevi
1194 923 1279 1001 nota,
1301 920 1361 984 nisi
1375 919 1456 985 forte
1470 919 1585 986 Otlm'di
1597 939 1708 1002 poema
1721 921 1808 1004 cuiue
1823 921 1908 988 On'st
1928 926 1977 988 est
1996 923 2115 1008 titulus,
2136 933 2268 1012 propter

484 1027 614 1096 eandem
636 1024 770 1118 indolem
791 1024 962 1108 abjudicari
985 1024 1098 1092 debeat
1118 1025 1240 1091 saeculo
1261 1025 1369 1106 eidem,
1390 1025 1658 1108 quolleliandum‚
1679 1045 1791 1109 poema
1812 1045 1896 1093 mere
1915 1029 2034 1110 epicum
2055 1035 2090 1096 et
2110 1038 2147 1098 ut
2168 1034 2265 1102 verbo

483 1139 557 1203 utar
576 1133 770 1216 objectivnm
792 1131 994 1213 compositum
1016 1149 1084 1197 esse
1108 1137 1240 1197 musmo.
1280 1132 1375 1197 Redit
1394 1132 1490 1214 igitur
1510 1131 1568 1198 hoc
1589 1132 1753 1199 discrimen
1781 1133 1823 1199 od
1850 1134 2005 1200 diversam
2025 1154 2077 1204 res
2106 1139 2266 1220 cogitandi

483 1240 735 1325 exprimendique
755 1238 917 1319 rationem,
938 1237 1060 1303 diverso
1082 1239 1165 1304 ritae
1187 1255 1301 1319 genere
1321 1244 1438 1306 natam.
1468 1241 1513 1306 Ut
1533 1238 1675 1306 Otiridus
1698 1241 1751 1322 qni
1773 1239 1872 1306 multa
1894 1239 1933 1306 de
1954 1259 1988 1306 se
2010 1259 2127 1326 suoque
2148 1244 2264 1327 populo

484 1354 534 1416 est
553 1345 723 1431 praetatus,
745 1343 913 1408 monachus
937 1343 1012 1425 luit,
1033 1343 1081 1409 ita
1101 1342 1289 1425 Cynevulius
1310 1351 1395 1412 certe
1415 1365 1454 1411 ex
1472 1345 1552 1412 lo'mo
1572 1346 1702 1413 clericus
1724 1345 1825 1414 iactus
1846 1352 1904 1428 est,
1925 1347 2101 1430 Lmtantii,
2119 1347 2262 1431 Gregorii

483 1456 674 1534 aliorumque
694 1451 823 1532 scripta.
839 1448 989 1516 addidicit
1009 1455 1042 1516 et
1067 1451 1246 1532 usurpavit,
1274 1456 1368 1533 atque
1395 1453 1478 1518 inter
1504 1469 1577 1519 suos
1603 1453 1777 1534 exemplum
1798 1453 1954 1520 aldhelmi
1982 1454 2016 1538 (†
2037 1455 2112 1538 709)
2140 1461 2263 1522 secum

483 1566 541 1643 est,
561 1561 648 1644 cujus
667 1575 706 1623 ex
728 1557 956 1638 aenigmatibus
976 1556 1067 1623 modo
1088 1557 1215 1622 liberius
1238 1557 1329 1623 modo
1350 1557 1488 1626 strictius
1509 1559 1543 1625 in
1564 1575 1622 1624 sara
1642 1559 1874 1642 transtulit¹⁴)‚
1894 1559 2051 1626 aldhelmi
2070 1567 2175 1628 autom
2194 1579 2263 1644 per-

484 1685 562 1735 sona
583 1667 616 1732 in
637 1664 781 1749 operibus
803 1664 870 1748 ejus
891 1681 954 1730 non
978 1664 1080 1730 minus
1101 1665 1267 1747 conspicua
1287 1663 1339 1746 fit,
1381 1664 1484 1746 ipsum
1511 1681 1623 1730 nomen
1644 1667 1677 1730 in
1697 1665 1891 1749 praefatione
1911 1667 2123 1749 oemgmatnm
2144 1667 2268 1750 poetica

482 1773 657 1844 acrosticho
678 1772 825 1837 innexum
846 1775 904 1836 est.

565 1883 638 1949 Jam
658 1895 731 1945 vero
752 1877 880 1944 remotis
909 1877 947 1942 iis
976 1893 1056 1959 quae
1082 1874 1250 1958 antoniori
1271 1875 1430 1958 Gynevuli
1457 1877 1556 1942 aetati
1584 1877 1706 1960 objecto
1732 1882 1824 1944 eraut
1849 1895 1889 1944 ex
1916 1895 2044 1961 operum
2069 1877 2137 1960 ojus
2163 1876 2269 1944 indole

484 1989 673 2069 arthetica,
693 1983 876 2067 progredior
898 1983 939 2050 ad
961 1986 1146 2064 argumenta
1164 1981 1247 2048 unde
1268 1999 1376 2048 verum
1395 1984 1462 2066 ejus
1485 1985 1643 2052 saecmum
1664 1985 1812 2052 comtitui
1830 1989 1951 2067 potest,
1971 2001 2103 2066 quornm
2122 1983 2266 2067 primum,

483 2096 566 2182 quod
593 2092 669 2160 milri
694 2090 817 2174 qandem
843 2089 970 2156 minime
996 2089 1150 2155 incertum
1178 2087 1316 2170 videtur,
1351 2095 1402 2155 est
1429 2089 1556 2173 lingrroe
1591 2091 1672 2158 ratio
1706 2109 1767 2174 qua
1794 2097 1906 2174 poetae
1936 2090 2037 2157 nostri
2072 2107 2168 2172 opera
2194 2107 2266 2156 oum

483 2201 632 2272 Beovulio
653 2198 789 2265 carmine
810 2195 961 2278 aequalia,
985 2193 1170 2262 Oeedmonis
1190 2199 1333 2276 poemate
1347 2197 1439 2277 quale
1458 2215 1541 2264 nunc
1561 2197 1710 2264 habemus
1729 2197 1823 2283 paulo
1844 2201 1968 2264 matum
1988 2196 2163 2263 vetustiora
2185 2213 2267 2278 esse,

484 2309 699 2378 Aliredionum
719 2302 876 2370 sacomam
897 2320 971 2368 vero
991 2301 1115 2368 omnino
1138 2299 1287 2382 superare
1303 2301 1471 2384 judicanda
1491 2307 1573 2370 sunt.
1611 2303 1750 2370 Plurima
1772 2303 1885 2368 indicia
1905 2301 2074 2368 vetustatis
2095 2301 2267 2370 Grimmiua

483 2438 523 2487 en
541 2417 666 2497 linguae
679 2409 967 2478 adornationem
981 2407 1079 2474 Elone
1100 2411 1134 2474 et
1146 2405 1274 2472 Andrea
1287 2425 1317 2490 p.
1338 2427 1428 2472 xavn
1450 2411 1630 2492 composuit,
1652 2427 1733 2492 qaae
1746 2409 1800 2475 alii
1817 2408 2032 2474 addielectum
2049 2425 2144 2490 quam
2156 2407 2267 2475 dicant

486 2523 641 2610 poeticam
661 2516 831 2601 perplura
852 2513 976 2580 mocula
1005 2513 1277 2597 constantem¹⁸)‚
1305 2513 1358 2580 alii
1378 2515 1419 2580 ad
1447 2515 1614 2584 dialectum
1633 2516 1922 2598 Northnmbricam,
1956 2519 2067 2597 utpote
2094 2513 2266 2596 Gynevulio

485 2622 744 2713 esepentrionali
764 2621 924 2705 provincia
944 2620 1074 2687 oriundo
1095 2621 1235 2686 neuram
1255 2619 1364 2686 referri
1382 2639 1475 2704 posse
1497 2623 1643 2689 arbitrati
1665 2628 1748 2690 sunt.
1790 2623 1984 2703 Argumenta
2005 2639 2062 2703 pro
2084 2619 2142 2686 tali
2161 2619 2268 2703 panis

483 2738 641 2818 hucusque
662 2729 787 2814 prolata
805 2727 932 2794 minime
959 2725 1117 2809 sufficere,
1146 2726 1222 2793 alibi
1254 2726 1538 2813 domonstraviss).
1579 2729 1687 2797 Posito
1715 2735 1822 2795 tamea
1848 2728 1926 2794 haec
1953 2727 2092 2793 carmina
2120 2725 2268 2809 primitus

486 2838 717 2912 northumbriae
744 2834 871 2919 scripta,
907 2837 982 2900 tunc
1010 2832 1058 2899 uti
1080 2834 1147 2916 jam
1173 2833 1321 2916 legrmtur
1347 2835 1380 2900 in
1405 2835 1571 2904 dialectum
1598 2835 1833 2904 occidentalium
1867 2835 2039 2917 Saxonum,
2072 2831 2156 2915 apud
2190 2847 2270 2914 quos

486 2954 556 3018 erat
577 2946 667 3014 sedes
686 2941 817 3026 imperii,
838 2957 988 3006 munerea
1010 2957 1095 3021 esse,
1118 2939 1256 3022 singulae
1277 2941 1401 3023 quidem
1421 2941 1556 3010 fortasse
1577 2961 1668 3009 voces
1688 2948 1722 3008 et
1744 2942 1895 3008 dictiones
1917 2959 1936 3006 e
1956 2939 2088 3006 dialecto
2117 2937 2173 3004 ille
2190 2937 2266 3004 reti-

484 3057 553 3124 neri
581 3053 765 3138 potuenmt‚
794 3047 919 3112 minime
946 3051 1051 3112 tamen
1074 3051 1159 3112 totus
1189 3046 1354 3113 verbonm
1381 3047 1508 3116 habitus
1536 3050 1766 3132 grmnmaticus.
1808 3047 1934 3114 Diutius
1960 3064 1989 3111 v.
2018 3063 2045 3112 c.
2073 3043 2266 3110 duraverunt

486 3162 570 3247 apud
600 3154 858 3242 septentrionales
879 3152 998 3234 Angloe
1028 3152 1146 3218 formae
1172 3153 1388 3236 pronominum
1416 3155 1523 3238 quales
1552 3162 1626 3222 sunt
1651 3173 1748 3237 mec,
1774 3153 1862 3240 pec,
1893 3151 1997 3233 usic,
2026 3149 2156 3230 eoric,
2183 3165 2266 3230 quae

486 3269 587 3339 adhuc
607 3267 640 3334 in
662 3259 831 3344 evangeliis
853 3258 1094 3326 northumbricis
1111 3259 1203 3342 juxta
1223 3259 1339 3326 formas
1361 3260 1482 3343 abjecto
1505 3262 1530 3328 C
1552 3267 1585 3328 et
1605 3261 1651 3328 JO
1672 3261 1872 3344 reperiuntur
1892 3261 2090 3324 transeuntes
2109 3255 2143 3320 in
2163 3253 2265 3335 meh,

483 3376 576 3464 pell,
595 3370 700 3452 nath,
721 3366 847 3448 iurih,
873 3373 908 3432 at
928 3366 962 3431 in
985 3365 1116 3431 dialecto
1135 3365 1292 3431 Saxonum
1318 3366 1553 3433 occidentalium
1575 3385 1632 3434 eae
1649 3368 1715 3450 jam
1738 3366 1862 3432 saeculo
1890 3381 1972 3430 nono
1993 3365 2125 3427 exeunte
2145 3357 2265 3426 obsole-

484 3484 612 3560 verant,
636 3481 669 3542 et
690 3473 871 3539 decurtatae
894 3469 1012 3536 formae
1032 3471 1120 3536 unice
1140 3475 1248 3536 suetae
1270 3477 1370 3554 erant,
1392 3489 1470 3554 quas
1490 3471 1573 3538 solas
1594 3473 1689 3538 etiam
1709 3472 1812 3554 poesis
1831 3469 1952 3536 Aliredi
1972 3466 2137 3548 habeon).
2177 3465 2263 3549 Ergo

484 3587 604 3668 scripta
625 3577 799 3664 cynomia,
820 3578 853 3642 in
874 3576 984 3658 quibus
1004 3575 1122 3642 formae
1140 3577 1251 3659 plenae
1271 3597 1330 3644 usu
1352 3579 1443 3662 longe
1461 3578 1645 3663 praevalent
1674 3577 1884 3658 brevioribus,
1911 3578 1948 3639 nt
1973 3590 2025 3638 res
2053 3589 2088 3638 se
2112 3570 2266 3639 hebetia

485 3687 653 3770 Beowullo,
667 3689 740 3751 onte
753 3681 1151 3765 tempnsAlirediponenda
1165 3689 1246 3750 sunt.
1269 3685 1356 3750 Idem
1363 3685 1564 3752 confirmatur
1570 3681 1641 3750 inde
1649 3683 1731 3766 quod
1738 3684 1911 3766 complures
1924 3697 2015 3746 voces
2022 3695 2176 3760 peremne
2184 3683 2263 3745 tem·

484 3817 544 3884 pus
557 3789 802 3878 adgatssimae
815 3790 849 3855 in
863 3788 974 3871 quibus
988 3794 1147 3854 crescente
1160 3789 1304 3872 loquendi
1311 3791 1476 3858 velocitate
1484 3793 1710 3858 serioreaetate
1732 3809 1826 3857 sonus
1848 3787 1960 3872 aliquis
1975 3785 2069 3852 elisus
2089 3789 2148 3864 est,
2169 3783 2266 3850 etiam

485 3907 627 3987 integrae
649 3903 793 3967 servatae
814 3901 896 3977 snut,
916 3913 1047 3977 quarum
1066 3897 1238 3962 contractio
1258 3897 1378 3963 Aliredi
1398 3915 1475 3964 aevo
1503 3898 1549 3964 ita
1578 3897 1718 3964 coniecta
1739 3902 1824 3979 erat,
1850 3901 1887 3962 ut
1914 3898 1948 3959 et
1967 3889 2108 3975 poeticae
2136 3888 2266 3957 dictioni

484 4013 574 4082 unice
603 4008 704 4075 forma
740 4003 912 4085 depravata
942 4005 1136 4084 suppeteret,
1170 4021 1251 4086 quae
1285 4005 1466 4088 plerumque
1494 4006 1560 4088 jam
1588 4003 1749 4088 Gynevulfi
1778 4009 1917 4086 tempore
1945 3999 2136 4066 incrementa
2164 3996 2267 4078 coepit

486 4118 586 4203 qualis
607 4120 657 4182 est
676 4131 736 4179 vox
756 4108 907 4191 mcord,
926 4113 1085 4175 mntracte
1104 4109 1189 4176 med
1211 4111 1426 4196 (meroes)²⁸).
1453 4111 1482 4177 Ε
1502 4111 1659 4179 contrario
1672 4129 1764 4178 rooes
1784 4127 1893 4178 recens
1913 4105 2037 4174 effictae
2056 4107 2093 4171 nt
2112 4102 2266 4186 hogiau

557 4416 605 4480 24)
622 4411 712 4466 Haurit
730 4411 798 4463 enim
816 4410 960 4477 aenigmata
978 4418 1005 4462 et
1022 4424 1055 4462 ex
1072 4409 1209 4462 traditione
1227 4407 1389 4478 popularium
1408 4419 1434 4463 et
1451 4427 1484 4464 ea
1503 4407 1574 4464 libris
1592 4409 1817 4481 latiniaSpatpoaii
1837 4414 2021 4490 etAldlrelmi,
2040 4427 2110 4497 quod
2125 4427 2263 4498 probatum

487 4520 528 4567 eat
545 4511 571 4564 ia
590 4507 683 4574 llaupt.
703 4503 768 4572 Epir.
787 4502 833 4565 xi,
853 4517 880 4569 p.
899 4502 950 4554 ⁴50
966 4518 1024 4572 sqq.
1043 4500 1088 4554 ubi
1106 4502 1166 4572 quid
1183 4501 1313 4557 aldhelmi
1331 4505 1364 4556 ait
1381 4521 1406 4574 p.
1425 4506 1563 4558 tot-⁴56
1583 4508 1754 4574 compositum
1774 4506 1877 4577 legitur.

555 4605 603 4666 25)
620 4599 726 4654 Prosam
744 4597 887 4649 orationem
906 4603 1003 4648 tantum
1023 4595 1125 4649 dillerre
1143 4613 1157 4649 a
1176 4599 1277 4666 poetica
1301 4597 1370 4666 opud
1387 4597 1598 4668 Angloraxouer,
1616 4609 1739 4670 quantum
1758 4599 1823 4654 duaa
1854 4602 1967 4660 distreus
1991 4605 2115 4665 dialectos
2132 4611 2264 4668 liembliur

485 4694 617 4753 asserebat
632 4692 650 4744 l.
668 4707 694 4760 p.
712 4689 756 4745 lll.

553 4789 600 4852 26)
619 4785 647 4839 ln
665 4783 772 4851 llphem.
790 4780 880 4835 Eberti
898 4799 920 4834 o.
942 4783 1009 4838 1859
1029 4783 1090 4836 iaso.
1111 4785 1135 4838 2.
1155 4801 1180 4852 p.
1199 4785 1345 4837 ata-2⁴5.

555 4883 602 4946 27)
621 4876 739 4932 Solitaria
759 4893 800 4929 res
818 4885 864 4940 est,
883 4878 953 4946 quod
972 4877 1039 4946 apud
1057 4877 1189 4930 illiredum
1209 4877 1234 4930 in
1255 4876 1318 4931 een.
1333 4877 1364 4942 V,
1382 4878 1408 4930 l.
1426 4875 1506 4929 remei
1526 4877 1599 4930 usic
1618 4879 1731 4931 occurri
1748 4879 1815 4932 inter
1831 4894 1968 4938 sexcentos
1986 4890 2149 4944 accantivoa
2169 4891 2265 4946 iormae

486 4995 531 5032 us.
564 4971 675 5028 Genitivi
693 4969 775 5039 bega
795 4979 821 5023 et
839 4977 955 5040 trega,
974 4973 1018 5041 qui
1037 4973 1063 5023 in
1082 4973 1211 5024 communi
1229 4987 1277 5024 nau
1297 4970 1392 5024 dudum
1412 4980 1543 5024 cerrennt
1561 4971 1649 5024 lemnia
1668 4970 1762 5042 begrr,
1781 4983 1885 5044 tregru,
1910 4979 2038 5034 interdum
2063 4985 2140 5037 eciam
2157 4999 2210 5038 m,
2227 4984 2265 5038 lx

487 5079 514 5122 et
532 5069 556 5122 x
575 5065 678 5121 admisti
693 5073 762 5128 aaut,
780 5079 832 5116 non
850 5064 934 5117 solum
955 5063 1036 5118 lorma
1052 5063 1145 5133 begea,
1164 5074 1257 5133 tragon
1274 5063 1374 5132 (Wanl.
1395 5073 1444 5119 oet.
1463 5080 1489 5133 p.
1508 5065 1571 5132 176)
1589 5065 1635 5118 sod
1654 5067 1731 5118 etia·
1750 5075 1826 5135 trega
1846 5069 1905 5139 Dipl
1939 5073 1990 5139 vt,
2015 5077 2074 5130 131.
2092 5064 2159 5131 oder
2184 5085 2263 5148 trega

486 5163 526 5216 Pr¹
545 5163 587 5226 tt,
605 5162 630 5214 ⁷.
666 5157 772 5226 Byrlttn.
791 5159 823 5212 V.
841 5160 899 5212 207.
918 5168 943 5211 at
960 5167 1023 5210 tuac
1041 5161 1163 5227 temporis
1185 5173 1288 5228 semper
1305 5175 1370 5222 me,
1390 5175 1444 5218 oa.
1463 5173 1515 5212 noa
1534 5159 1644 5228 amplius
1668 5175 1743 5226 mac,
1761 5163 1817 5214 nalo
1839 5163 1987 5233 dicebatnn
2020 5177 2133 5222 cetorum
2150 5170 2263 5238 junioris

487 5254 609 5321 temporie
627 5250 714 5320 regula
733 5252 842 5320 singolis
860 5251 947 5305 lormia
966 5268 998 5304 ex
1017 5254 1168 5323 antiquitate
1187 5254 1295 5308 residuis
1314 5270 1365 5307 noo
1384 5252 1491 5307 tollitur.

556 5345 602 5411 28)
621 5343 695 5397 Goth.
714 5345 807 5399 mizdo.
842 5345 954 5398 Erannit
970 5361 1049 5398 sonna
1069 5345 1118 5398 hac
1137 5347 1162 5398 in
1182 5362 1248 5400 soce
1268 5349 1344 5401 etiam
1363 5348 1430 5416 apud
1443 5347 1557 5402 Saxones
1575 5343 1675 5414 (mida)
1692 5355 1719 5402 et
1736 5349 1804 5417 apud
1824 5349 1950 5408 inaniora
1968 5363 2069 5424 gentos,
2090 5355 2264 5424 multomagis
