5192 6636
2100 593 2145 668 21

435 765 517 870 Hinc
533 802 600 884 jum
628 798 804 868 accuratius
830 797 1047 882 inquirendum
1074 799 1124 864 est
1151 796 1185 862 in
1210 797 1365 864 rationem
1392 814 1473 880 quaa
1503 799 1679 866 intercedat
1707 799 1916 882 fragmentum
1938 804 2148 887 Lugdunensc

351 908 436 974 inter
458 914 492 976 et
513 906 657 988 aenigma
679 905 872 988 Exoniense3
907 904 982 970 licat
1009 903 1091 970 emm
1118 903 1151 970 in
1180 905 1344 970 sententiis
1364 905 1520 988 plerisque
1547 912 1734 988 congluent,
1772 913 1808 974 ut
1834 929 1929 978 unum
1956 913 2148 995 eundemque

235 1058 239 1065 -
352 1021 509 1085 auctorem
528 1016 626 1083 iuuisse
645 1014 737 1082 facile
753 1016 840 1098 sequi
859 1014 1012 1096 uideamur,
1033 1015 1139 1097 aliqua
1158 1019 1265 1081 tannen
1287 1013 1441 1082 dubitatio
1455 1014 1528 1080 inde
1542 1015 1651 1097 unitur,
1673 1016 1755 1098 quod
1769 1022 1934 1100 utrumque
1947 1021 2147 1090 exAldhelmi

352 1126 527 1206 aenigmate
548 1125 587 1190 de
602 1124 700 1192 lorica
721 1122 867 1190 haustum
887 1129 945 1205 ast,
967 1123 1164 1208 discrepante
1185 1125 1333 1192 culminis
1353 1125 1501 1207 clausula,
1523 1125 1698 1208 diuersique
1717 1132 1811 1209 poeta
1830 1130 1983 1211 quaedam
2004 1133 2144 1200 similiter

352 1238 474 1300 vertere
500 1237 678 1316 potuemnt.
720 1232 808 1310 Quae
834 1249 885 1298 res
909 1237 946 1299 ut
965 1233 1056 1300 citius
1076 1238 1171 1316 quent
1191 1232 1366 1318 dijudicari,
1396 1239 1517 1299 tendum
1537 1233 1781 1315 Lugdunensum
1800 1237 1940 1306 versibus
1963 1241 2143 1310 distinctum

351 1358 533 1424 comparare
549 1341 642 1425 juvat
662 1357 732 1408 cum
748 1340 930 1422 Exonienai‚
966 1341 1020 1408 ubi
1039 1347 1146 1408 minen
1165 1361 1228 1408 non
1247 1343 1347 1409 omnis
1367 1343 1700 1410 sonorum‘diuersites
1721 1345 1753 1410 in
1782 1344 1884 1412 verbis
1906 1348 2030 1432 iisdem,
2065 1367 2146 1433 quaa

352 1449 544 1532 singularem
569 1446 848 1514 considerationem
876 1448 1024 1531 lequunt,
1050 1449 1107 1514 sed
1127 1467 1166 1515 ea
1182 1450 1274 1517 modo
1295 1452 1431 1517 cometas
1451 1451 1501 1517 hic
1521 1451 1699 1518 ametando
1721 1459 1784 1536 est,
1817 1473 1879 1536 que
1899 1475 2007 1525 sensus
2029 1460 2146 1542 aliqua-

351 1563 443 1625 tenus
466 1557 615 1624 venator.
657 1555 749 1624 Unde
769 1555 904 1640 primum
932 1561 1064 1639 apparet
1091 1556 1272 1639 fragmento
1293 1559 1494 1641 Lugdunensi
1516 1560 1660 1643 aenigma
1677 1563 1834 1643 integrum
1854 1565 2021 1648 continui,
2042 1567 2149 1634 codem

352 1650 440 1752 atqu
467 1669 500 1737 iu
520 1667 688 1737 Exouiensi
709 1684 854 1734 uersuum
877 1671 916 1733 14
935 1684 1079 1749 numero,
1112 1668 1166 1750 qui
1187 1667 1220 1733 hi
1238 1674 1327 1734 sunt:

729 1797 799 1864 Meo
820 1815 854 1863 se
875 1795 951 1862 utta
970 1813 1054 1878 uong
1072 1796 1228 1862 uundrum
1249 1796 1365 1878 ireddg

726 1904 767 1970 ob
787 1901 864 1985 ldis)
885 1899 1020 1968 innatae
1040 1902 1171 1985 aequat)
1193 1901 1324 1986 c(oude).

726 2009 801 2092 (Ne)
821 2007 899 2075 uuit
919 2009 948 2075 ic
969 2026 1036 2074 mec
1056 2007 1219 2074 biuorthue
1240 2008 1347 2074 uuillen
1369 2007 1492 2077 iliusum

725 2115 835 2182 hirom
858 2112 934 2179 derh
954 2113 1115 2181 hthcraeft
1135 2113 1194 2197 bti)
1215 2114 1237 2179 h
1261 2167 1268 2181 .
1293 2167 1299 2180 .
1325 2167 1331 2180 .
1358 2183 1365 2196 ‚
1390 2168 1396 2180 .
1420 2167 1426 2178 .

661 2227 681 2288 5
725 2221 883 2290 Uuudnae
904 2237 955 2287 mc
976 2221 1008 2286 ni
1027 2217 1098 2286 biad
1119 2219 1234 2304 ueflae,
1256 2222 1288 2286 ni
1309 2221 1338 2287 ic
1359 2239 1437 2304 uarp
1459 2221 1556 2302 hetae,
1578 2219 1579 2222 ’

728 2329 761 2394 ni
783 2325 868 2393 deuih
890 2324 1046 2409 ereetum
1068 2325 1222 2412 gid(riicu)
1243 2323 1314 2394 drdt
1333 2346 1383 2395 me
1402 2327 1543 2394 hlimtnid

728 2433 778 2500 Ne
798 2452 848 2499 mc
868 2433 1015 2499 hrdtendi
1035 2432 1123 2499 hnisil
1145 2431 1315 2516 accitoque,

728 2540 762 2606 ni
782 2557 849 2606 mec
870 2539 1042 2624 d(huanan)
1063 2557 1134 2605 uam
1154 2539 1238 2605 sceal
1256 2555 1384 2621 cnyssa3

729 2643 864 2729 Uyrmas
884 2660 953 2712 mec
973 2647 1006 2710 ui
1026 2644 1142 2712 tudina
1163 2645 1253 2728 vyrdi
1274 2644 1436 2726 orantium,

663 2755 703 2818 10
731 2749 770 2816 du
791 2749 821 2816 di
842 2751 934 2832 goelu
954 2751 1076 2833 godueb
1097 2755 1223 2834 gestum
1243 2749 1417 2816 inactuath:

730 2857 782 2924 Uul
802 2875 870 2924 mec
889 2856 1054 2940 hutetdrue
1076 2876 1151 2924 suae
1174 2853 1231 2924 ddh
1249 2855 1342 2923 uidae
1362 2855 1449 2922 otaer
1469 2851 1562 2921 cordu

731 2964 831 3030 hitau
851 2963 929 3029 mith
951 2960 1086 3029 belidum
1108 2963 1217 3030 hihtlic
1238 2963 1398 3046 giuue(di).

727 3070 768 3136 Ni
790 3088 932 3152 anoegun
952 3069 982 3137 ic
1002 3087 1052 3135 me
1072 3069 1264 3152 uerigfaerae
1284 3067 1381 3152 egsan
1402 3068 1544 3148 mogum,

727 3174 786 3242 doh
807 3174 836 3241 di
858 3227 865 3240 .
889 3225 896 3242 .
920 3226 927 3240 .
952 3226 959 3241 .
984 3175 1103 3243 adllcae
1124 3169 1164 3243 ob
1186 3195 1308 3243 courum
1331 3223 1617 3240 ..........

438 3309 552 3379 Differt
571 3311 604 3377 in
624 3309 728 3378 codice
747 3309 976 3394 Exoniensitq
1005 3309 1139 3392 primum
1167 3329 1196 3375 v.
1221 3313 1239 3373 3
1259 3307 1444 3388 beverhtue‚
1465 3323 1546 3388 quae
1567 3307 1690 3386 generis
1711 3311 1761 3372 est
1781 3307 1971 3402 differentia,
1992 3317 2025 3378 et
2046 3314 2148 3380 vulla

361 3435 441 3503 quae
463 3417 605 3485 flexionis
632 3421 682 3484 eat
710 3407 863 3497 vadatus,
894 3414 1005 3481 deinde
1026 3435 1055 3481 u.
1078 3413 1218 3481 saltora
1240 3431 1314 3501 pars
1343 3419 1393 3480 est
1419 3411 1678 3498 hygeponcum
1704 3412 1793 3495 min,
1824 3414 1910 3480 aliud
1931 3419 2066 3484 notionis
2093 3421 2149 3487 vit

359 3524 633 3608 complementum,
662 3528 728 3588 tum
758 3541 786 3588 v.
809 3526 828 3586 6
856 3519 976 3608 praed
1003 3540 1058 3586 mc
1087 3539 1132 3585 nc
1159 3517 1329 3586 hlimmed
1356 3517 1409 3585 ubi
1433 3518 1558 3584 vocibus
1586 3519 1701 3586 tectius
1729 3519 1854 3602 scriptis
1878 3523 1970 3590 modo
1994 3527 2149 3612 particula

362 3632 510 3714 negative
531 3629 698 3712 repetitum
731 3630 832 3712 prima
854 3628 980 3710 metior
1008 3626 1218 3709 discrepantia
1245 3631 1294 3692 est
1321 3627 1354 3690 iu
1381 3645 1409 3691 v.
1432 3631 1467 3708 ⁷3
1495 3643 1541 3690 ne
1562 3629 1607 3692 at
1625 3624 1708 3690 mah
1727 3625 1861 3694 nitendo
1883 3627 1973 3696 hrisil
1994 3629 2147 3700 scrided

358 3739 492 3808 cuiuon
514 3755 573 3819 par
594 3735 747 3817 estquod
768 3755 798 3801 v.
821 3739 840 3801 8
861 3751 982 3828 umus,
1017 3753 1046 3798 v·
1069 3739 1087 3800 9
1111 3731 1496 3815 vyrdanumeroplun,
1530 3750 1558 3794 v.
1586 3735 1621 3796 11
1646 3731 1714 3796 uili
1743 3734 1838 3816 conj.‚
1872 3753 1910 3801 se
1932 3733 2149 3805 dedhetofen

358 3841 502 3910 eordan
523 3843 653 3924 legitur,
675 3841 730 3906 sed
752 3842 853 3907 altera
871 3839 991 3906 accedit
1012 3857 1110 3922 eaque
1131 3839 1266 3904 maxima
1287 3837 1477 3918 differentia,
1499 3836 1581 3920 quod
1602 3837 1820 3920 procursibus
1844 3845 1882 3905 13
1904 3847 1937 3906 et
1959 3849 1998 3908 14
2020 3863 2149 3925 prorsus

359 3949 421 4018 ulia
441 3948 580 4016 claumula
599 3947 648 4014 his
673 3946 792 4013 duobus
812 3946 951 4012 uersibus
968 3946 1151 4028 positaest:
1174 3945 1274 4026 Saga
1292 3941 1526 4024 secuudum,
1547 3942 1818 4028 searoboucum
1840 3946 1967 4028 gloev,
1988 3951 2148 4020 vordum

360 4056 519 4138 visitat,
536 4055 627 4121 hvdt
646 4053 706 4142 lois
728 4051 893 4136 gevaedc
915 4046 966 4133 si.
1410 4103 1412 4106 .

441 4161 648 4229 Nihilominus
670 4177 838 4226 cousensus
859 4159 892 4224 in
915 4153 1131 4224 transferendo
1151 4162 1185 4223 ct
1205 4153 1421 4241 amplificando
1441 4155 1546 4230 ,latmo
1568 4155 1722 4220 Aldhelmi
1750 4156 1926 4238 aenigmate
1953 4160 1986 4224 in
2006 4160 2149 4232 omuibus

359 4267 487 4353 reliquis
507 4271 574 4354 ejus
594 4267 735 4351 pertibus
756 4266 853 4332 multo
874 4265 999 4347 grauior
1021 4269 1054 4330 et
1074 4266 1265 4332 constantior
1286 4268 1350 4346 est,
1385 4279 1477 4344 quam
1504 4267 1541 4327 ut
1560 4261 1690 4328 fortuito
1721 4280 1792 4328 eum
1817 4281 1912 4344 penes
1942 4265 2018 4332 duos
2039 4275 2149 4350 poetes

359 4377 509 4446 accidisse
535 4374 682 4446 credibile
709 4373 760 4439 sit.
802 4372 939 4455 Quisque
966 4388 1075 4436 versus
1101 4371 1232 4451 latinus,
1265 4388 1396 4452 quonum
1429 4374 1549 4450 septem
1579 4373 1667 4448 sunt,
1698 4367 1817 4436 duobus
1846 4370 2093 4452 anglosaxonicis
2117 4379 2149 4442 in

360 4492 493 4567 utroque
514 4486 604 4548 textu
624 4478 764 4546 redditus
789 4483 852 4560 esc,
888 4477 999 4546 iisdem
1018 4476 1094 4544 locis
1116 4476 1299 4543 vocabulum
1319 4475 1445 4559 aliquod
1466 4476 1598 4541 latinum
1620 4475 1784 4556 omissum,
1815 4475 1924 4544 iisdem
1946 4478 2069 4560 longius
2090 4483 2149 4548 cir-

364 4589 585 4673 cumscriptum
606 4593 669 4670 est,
709 4582 792 4670 quod
813 4585 921 4650 statim
941 4584 1035 4665 puimi
1057 4587 1122 4648 tres
1143 4601 1251 4649 uersus
1271 4581 1427 4648 Aldhelmi
1449 4582 1561 4647 docent
1579 4581 1612 4646 hi

297 4691 300 4696 ’
790 4689 993 4775 adsumme
1012 4688 1121 4771 genuit
1142 4688 1244 4772 gelido
1265 4689 1303 4754 de
1323 4689 1441 4755 decere
1462 4687 1562 4754 tellus.

793 4815 856 4864 uon
878 4813 947 4862 sum
968 4794 1104 4876 setigero
1125 4795 1267 4862 lunanum
1287 4795 1402 4861 vellere
1422 4793 1515 4877 tactu,

805 4901 876 4972 licia
896 4901 983 4971 mulla
1002 4901 1148 4984 nahum,
1167 4921 1225 4970 nec
1245 4902 1373 4984 garrula
1394 4900 1447 4970 iila
1468 4901 1631 4982 resultant,

432 5289 479 5356 38)
498 5288 602 5357 liucinii
620 5288 735 5344 editione
756 5305 781 5360 p.
798 5290 849 5344 417
865 5306 906 5360 aq.
924 5287 1020 5344 (lucinii
1038 5290 1064 5345 iu
1083 5285 1149 5345 Bul.
1170 5287 1196 5344 Τ.
1216 5287 1248 5342 ΙΙ.
1266 5304 1292 5358 p.
1311 5288 1371 5344 386.
